PokerStars Hand #73558131745: Tournament #497394423, $1.38+$0.12 USD Hold'em No Limit - Match Round I, Level I (10/20) - 2012/01/10 3:50:02 AEST [2012/01/09 11:50:02 ET]
Table '497394423 1' 2-max Seat #2 is the button
Seat 1: pixfo24 (2770 in chips) 
Seat 2: antler88 (230 in chips) 
antler88: posts small blind 10
pixfo24: posts big blind 20
*** HOLE CARDS ***
Dealt to antler88 [As 3s]
antler88: raises 210 to 230 and is all-in
pixfo24: calls 210
*** FLOP *** [8s Th Kh]
*** TURN *** [8s Th Kh] [2c]
*** RIVER *** [8s Th Kh 2c] [7d]
*** SHOW DOWN ***
pixfo24: shows [5d 5c] (a pair of Fives)
antler88: shows [As 3s] (high card Ace)
pixfo24 collected 460 from pot
antler88 finished the tournament in 2nd place
pixfo24 wins the tournament and receives $2.76 - congratulations!
*** SUMMARY ***
Total pot 460 | Rake 0 
Board [8s Th Kh 2c 7d]
Seat 1: pixfo24 (big blind) showed [5d 5c] and won (460) with a pair of Fives
Seat 2: antler88 (button) (small blind) showed [As 3s] and lost with high card Ace