PokerStars Game #72947945247: Tournament #491423247, $1.32+$0.18 USD Hold'em No Limit - Level I (10/20) - 2011/12/29 23:33:38 AEST [2011/12/29 7:33:38 ET]
Table '491423247 1' 9-max Seat #1 is the button
Seat 1: Kanjano (1500 in chips) 
Seat 2: PunchyDude (1500 in chips) 
Seat 3: bandziorno81 (1500 in chips) 
Seat 4: marcosmamori (1500 in chips) 
Seat 5: kebabbman (1500 in chips) 
Seat 6: antler88 (1500 in chips) 
Seat 7: x huesito x (1500 in chips) 
Seat 8: vangel2121 (1500 in chips) 
Seat 9: Chunclis (1500 in chips) 
PunchyDude: posts small blind 10
bandziorno81: posts big blind 20
*** HOLE CARDS ***
Dealt to antler88 [6c Kd]
marcosmamori: folds 
kebabbman: folds 
antler88: folds 
x huesito x: folds 
vangel2121: raises 20 to 40
Chunclis: folds 
Kanjano: folds 
PunchyDude: folds 
bandziorno81: folds 
Uncalled bet (20) returned to vangel2121
vangel2121 collected 50 from pot
*** SUMMARY ***
Total pot 50 | Rake 0 
Seat 1: Kanjano (button) folded before Flop (didn't bet)
Seat 2: PunchyDude (small blind) folded before Flop
Seat 3: bandziorno81 (big blind) folded before Flop
Seat 4: marcosmamori folded before Flop (didn't bet)
Seat 5: kebabbman folded before Flop (didn't bet)
Seat 6: antler88 folded before Flop (didn't bet)
Seat 7: x huesito x folded before Flop (didn't bet)
Seat 8: vangel2121 collected (50)
Seat 9: Chunclis folded before Flop (didn't bet)



PokerStars Game #72947967274: Tournament #491423247, $1.32+$0.18 USD Hold'em No Limit - Level I (10/20) - 2011/12/29 23:34:14 AEST [2011/12/29 7:34:14 ET]
Table '491423247 1' 9-max Seat #2 is the button
Seat 1: Kanjano (1500 in chips) 
Seat 2: PunchyDude (1490 in chips) 
Seat 3: bandziorno81 (1480 in chips) 
Seat 4: marcosmamori (1500 in chips) 
Seat 5: kebabbman (1500 in chips) 
Seat 6: antler88 (1500 in chips) 
Seat 7: x huesito x (1500 in chips) 
Seat 8: vangel2121 (1530 in chips) 
Seat 9: Chunclis (1500 in chips) 
bandziorno81: posts small blind 10
marcosmamori: posts big blind 20
*** HOLE CARDS ***
Dealt to antler88 [8c 4c]
kebabbman: folds 
antler88: folds 
x huesito x: folds 
vangel2121: calls 20
Chunclis: raises 40 to 60
Kanjano: folds 
PunchyDude: raises 220 to 280
bandziorno81: folds 
marcosmamori: folds 
vangel2121: folds 
Chunclis: folds 
Uncalled bet (220) returned to PunchyDude
PunchyDude collected 170 from pot
PunchyDude: doesn't show hand 
*** SUMMARY ***
Total pot 170 | Rake 0 
Seat 1: Kanjano folded before Flop (didn't bet)
Seat 2: PunchyDude (button) collected (170)
Seat 3: bandziorno81 (small blind) folded before Flop
Seat 4: marcosmamori (big blind) folded before Flop
Seat 5: kebabbman folded before Flop (didn't bet)
Seat 6: antler88 folded before Flop (didn't bet)
Seat 7: x huesito x folded before Flop (didn't bet)
Seat 8: vangel2121 folded before Flop
Seat 9: Chunclis folded before Flop



PokerStars Game #72947984674: Tournament #491423247, $1.32+$0.18 USD Hold'em No Limit - Level I (10/20) - 2011/12/29 23:34:43 AEST [2011/12/29 7:34:43 ET]
Table '491423247 1' 9-max Seat #3 is the button
Seat 1: Kanjano (1500 in chips) 
Seat 2: PunchyDude (1600 in chips) 
Seat 3: bandziorno81 (1470 in chips) 
Seat 4: marcosmamori (1480 in chips) 
Seat 5: kebabbman (1500 in chips) 
Seat 6: antler88 (1500 in chips) 
Seat 7: x huesito x (1500 in chips) 
Seat 8: vangel2121 (1510 in chips) 
Seat 9: Chunclis (1440 in chips) 
marcosmamori: posts small blind 10
kebabbman: posts big blind 20
*** HOLE CARDS ***
Dealt to antler88 [6c 8s]
antler88: folds 
x huesito x: folds 
vangel2121: calls 20
Chunclis: folds 
Kanjano: folds 
PunchyDude: folds 
bandziorno81: folds 
marcosmamori: folds 
kebabbman: checks 
*** FLOP *** [2d 4s 2h]
kebabbman: checks 
vangel2121: checks 
*** TURN *** [2d 4s 2h] [5c]
kebabbman: checks 
vangel2121: checks 
*** RIVER *** [2d 4s 2h 5c] [Jd]
kebabbman: checks 
vangel2121: bets 20
kebabbman: folds 
Uncalled bet (20) returned to vangel2121
vangel2121 collected 50 from pot
*** SUMMARY ***
Total pot 50 | Rake 0 
Board [2d 4s 2h 5c Jd]
Seat 1: Kanjano folded before Flop (didn't bet)
Seat 2: PunchyDude folded before Flop (didn't bet)
Seat 3: bandziorno81 (button) folded before Flop (didn't bet)
Seat 4: marcosmamori (small blind) folded before Flop
Seat 5: kebabbman (big blind) folded on the River
Seat 6: antler88 folded before Flop (didn't bet)
Seat 7: x huesito x folded before Flop (didn't bet)
Seat 8: vangel2121 collected (50)
Seat 9: Chunclis folded before Flop (didn't bet)



PokerStars Game #72948014899: Tournament #491423247, $1.32+$0.18 USD Hold'em No Limit - Level I (10/20) - 2011/12/29 23:35:33 AEST [2011/12/29 7:35:33 ET]
Table '491423247 1' 9-max Seat #4 is the button
Seat 1: Kanjano (1500 in chips) 
Seat 2: PunchyDude (1600 in chips) 
Seat 3: bandziorno81 (1470 in chips) 
Seat 4: marcosmamori (1470 in chips) 
Seat 5: kebabbman (1480 in chips) 
Seat 6: antler88 (1500 in chips) 
Seat 7: x huesito x (1500 in chips) 
Seat 8: vangel2121 (1540 in chips) 
Seat 9: Chunclis (1440 in chips) 
kebabbman: posts small blind 10
antler88: posts big blind 20
*** HOLE CARDS ***
Dealt to antler88 [8s 8d]
x huesito x: folds 
vangel2121: calls 20
Chunclis: folds 
Kanjano: folds 
PunchyDude: folds 
bandziorno81: folds 
marcosmamori: raises 40 to 60
kebabbman: folds 
antler88: folds 
vangel2121: calls 40
*** FLOP *** [8c 5c Kc]
vangel2121: checks 
marcosmamori: checks 
*** TURN *** [8c 5c Kc] [5s]
vangel2121: bets 60
marcosmamori: folds 
Uncalled bet (60) returned to vangel2121
vangel2121 collected 150 from pot
*** SUMMARY ***
Total pot 150 | Rake 0 
Board [8c 5c Kc 5s]
Seat 1: Kanjano folded before Flop (didn't bet)
Seat 2: PunchyDude folded before Flop (didn't bet)
Seat 3: bandziorno81 folded before Flop (didn't bet)
Seat 4: marcosmamori (button) folded on the Turn
Seat 5: kebabbman (small blind) folded before Flop
Seat 6: antler88 (big blind) folded before Flop
Seat 7: x huesito x folded before Flop (didn't bet)
Seat 8: vangel2121 collected (150)
Seat 9: Chunclis folded before Flop (didn't bet)



PokerStars Game #72948043173: Tournament #491423247, $1.32+$0.18 USD Hold'em No Limit - Level I (10/20) - 2011/12/29 23:36:20 AEST [2011/12/29 7:36:20 ET]
Table '491423247 1' 9-max Seat #5 is the button
Seat 1: Kanjano (1500 in chips) 
Seat 2: PunchyDude (1600 in chips) 
Seat 3: bandziorno81 (1470 in chips) 
Seat 4: marcosmamori (1410 in chips) 
Seat 5: kebabbman (1470 in chips) 
Seat 6: antler88 (1480 in chips) 
Seat 7: x huesito x (1500 in chips) 
Seat 8: vangel2121 (1630 in chips) 
Seat 9: Chunclis (1440 in chips) 
antler88: posts small blind 10
x huesito x: posts big blind 20
*** HOLE CARDS ***
Dealt to antler88 [Kc 4s]
vangel2121: calls 20
Chunclis: folds 
Kanjano: raises 60 to 80
PunchyDude: folds 
bandziorno81: folds 
marcosmamori: folds 
kebabbman: folds 
antler88: folds 
x huesito x: folds 
vangel2121: folds 
Uncalled bet (60) returned to Kanjano
Kanjano collected 70 from pot
*** SUMMARY ***
Total pot 70 | Rake 0 
Seat 1: Kanjano collected (70)
Seat 2: PunchyDude folded before Flop (didn't bet)
Seat 3: bandziorno81 folded before Flop (didn't bet)
Seat 4: marcosmamori folded before Flop (didn't bet)
Seat 5: kebabbman (button) folded before Flop (didn't bet)
Seat 6: antler88 (small blind) folded before Flop
Seat 7: x huesito x (big blind) folded before Flop
Seat 8: vangel2121 folded before Flop
Seat 9: Chunclis folded before Flop (didn't bet)



PokerStars Game #72948061288: Tournament #491423247, $1.32+$0.18 USD Hold'em No Limit - Level I (10/20) - 2011/12/29 23:36:49 AEST [2011/12/29 7:36:49 ET]
Table '491423247 1' 9-max Seat #6 is the button
Seat 1: Kanjano (1550 in chips) 
Seat 2: PunchyDude (1600 in chips) 
Seat 3: bandziorno81 (1470 in chips) 
Seat 4: marcosmamori (1410 in chips) 
Seat 5: kebabbman (1470 in chips) 
Seat 6: antler88 (1470 in chips) 
Seat 7: x huesito x (1480 in chips) 
Seat 8: vangel2121 (1610 in chips) 
Seat 9: Chunclis (1440 in chips) 
x huesito x: posts small blind 10
vangel2121: posts big blind 20
*** HOLE CARDS ***
Dealt to antler88 [Ks Ac]
Chunclis: folds 
Kanjano: folds 
PunchyDude: folds 
bandziorno81: folds 
marcosmamori: folds 
kebabbman: folds 
antler88: raises 60 to 80
x huesito x: folds 
vangel2121: calls 60
*** FLOP *** [2d 3d Qh]
vangel2121: checks 
antler88: bets 170
vangel2121: raises 170 to 340
antler88: folds 
Uncalled bet (170) returned to vangel2121
vangel2121 collected 510 from pot
*** SUMMARY ***
Total pot 510 | Rake 0 
Board [2d 3d Qh]
Seat 1: Kanjano folded before Flop (didn't bet)
Seat 2: PunchyDude folded before Flop (didn't bet)
Seat 3: bandziorno81 folded before Flop (didn't bet)
Seat 4: marcosmamori folded before Flop (didn't bet)
Seat 5: kebabbman folded before Flop (didn't bet)
Seat 6: antler88 (button) folded on the Flop
Seat 7: x huesito x (small blind) folded before Flop
Seat 8: vangel2121 (big blind) collected (510)
Seat 9: Chunclis folded before Flop (didn't bet)



PokerStars Game #72948108182: Tournament #491423247, $1.32+$0.18 USD Hold'em No Limit - Level I (10/20) - 2011/12/29 23:38:06 AEST [2011/12/29 7:38:06 ET]
Table '491423247 1' 9-max Seat #7 is the button
Seat 1: Kanjano (1550 in chips) 
Seat 2: PunchyDude (1600 in chips) 
Seat 3: bandziorno81 (1470 in chips) 
Seat 4: marcosmamori (1410 in chips) 
Seat 5: kebabbman (1470 in chips) 
Seat 6: antler88 (1220 in chips) 
Seat 7: x huesito x (1470 in chips) 
Seat 8: vangel2121 (1870 in chips) 
Seat 9: Chunclis (1440 in chips) 
vangel2121: posts small blind 10
Chunclis: posts big blind 20
*** HOLE CARDS ***
Dealt to antler88 [Th Ks]
Kanjano: raises 40 to 60
PunchyDude: folds 
bandziorno81: folds 
marcosmamori: folds 
kebabbman: folds 
antler88: folds 
x huesito x: folds 
vangel2121: folds 
Chunclis: folds 
Uncalled bet (40) returned to Kanjano
Kanjano collected 50 from pot
*** SUMMARY ***
Total pot 50 | Rake 0 
Seat 1: Kanjano collected (50)
Seat 2: PunchyDude folded before Flop (didn't bet)
Seat 3: bandziorno81 folded before Flop (didn't bet)
Seat 4: marcosmamori folded before Flop (didn't bet)
Seat 5: kebabbman folded before Flop (didn't bet)
Seat 6: antler88 folded before Flop (didn't bet)
Seat 7: x huesito x (button) folded before Flop (didn't bet)
Seat 8: vangel2121 (small blind) folded before Flop
Seat 9: Chunclis (big blind) folded before Flop



PokerStars Game #72948120440: Tournament #491423247, $1.32+$0.18 USD Hold'em No Limit - Level I (10/20) - 2011/12/29 23:38:25 AEST [2011/12/29 7:38:25 ET]
Table '491423247 1' 9-max Seat #8 is the button
Seat 1: Kanjano (1580 in chips) 
Seat 2: PunchyDude (1600 in chips) 
Seat 3: bandziorno81 (1470 in chips) 
Seat 4: marcosmamori (1410 in chips) 
Seat 5: kebabbman (1470 in chips) 
Seat 6: antler88 (1220 in chips) 
Seat 7: x huesito x (1470 in chips) 
Seat 8: vangel2121 (1860 in chips) 
Seat 9: Chunclis (1420 in chips) 
Chunclis: posts small blind 10
Kanjano: posts big blind 20
*** HOLE CARDS ***
Dealt to antler88 [9d 8s]
PunchyDude: raises 60 to 80
bandziorno81: folds 
marcosmamori: folds 
kebabbman: folds 
antler88: folds 
x huesito x: folds 
vangel2121: folds 
Chunclis: folds 
Kanjano: calls 60
*** FLOP *** [Ks 7s 8c]
Kanjano: checks 
PunchyDude: bets 100
Kanjano: folds 
Uncalled bet (100) returned to PunchyDude
PunchyDude collected 170 from pot
PunchyDude: doesn't show hand 
*** SUMMARY ***
Total pot 170 | Rake 0 
Board [Ks 7s 8c]
Seat 1: Kanjano (big blind) folded on the Flop
Seat 2: PunchyDude collected (170)
Seat 3: bandziorno81 folded before Flop (didn't bet)
Seat 4: marcosmamori folded before Flop (didn't bet)
Seat 5: kebabbman folded before Flop (didn't bet)
Seat 6: antler88 folded before Flop (didn't bet)
Seat 7: x huesito x folded before Flop (didn't bet)
Seat 8: vangel2121 (button) folded before Flop (didn't bet)
Seat 9: Chunclis (small blind) folded before Flop



PokerStars Game #72948146179: Tournament #491423247, $1.32+$0.18 USD Hold'em No Limit - Level II (15/30) - 2011/12/29 23:39:08 AEST [2011/12/29 7:39:08 ET]
Table '491423247 1' 9-max Seat #9 is the button
Seat 1: Kanjano (1500 in chips) 
Seat 2: PunchyDude (1690 in chips) 
Seat 3: bandziorno81 (1470 in chips) 
Seat 4: marcosmamori (1410 in chips) 
Seat 5: kebabbman (1470 in chips) 
Seat 6: antler88 (1220 in chips) 
Seat 7: x huesito x (1470 in chips) 
Seat 8: vangel2121 (1860 in chips) 
Seat 9: Chunclis (1410 in chips) 
Kanjano: posts small blind 15
PunchyDude: posts big blind 30
*** HOLE CARDS ***
Dealt to antler88 [Qs 2d]
bandziorno81: folds 
marcosmamori: raises 60 to 90
kebabbman: folds 
antler88: folds 
x huesito x: folds 
vangel2121: calls 90
Chunclis: folds 
Kanjano: folds 
PunchyDude: folds 
*** FLOP *** [Ts 8c 3c]
marcosmamori: checks 
vangel2121: checks 
*** TURN *** [Ts 8c 3c] [7c]
marcosmamori: checks 
vangel2121: checks 
*** RIVER *** [Ts 8c 3c 7c] [Qh]
marcosmamori: bets 120
vangel2121: folds 
Uncalled bet (120) returned to marcosmamori
marcosmamori collected 225 from pot
marcosmamori: doesn't show hand 
*** SUMMARY ***
Total pot 225 | Rake 0 
Board [Ts 8c 3c 7c Qh]
Seat 1: Kanjano (small blind) folded before Flop
Seat 2: PunchyDude (big blind) folded before Flop
Seat 3: bandziorno81 folded before Flop (didn't bet)
Seat 4: marcosmamori collected (225)
Seat 5: kebabbman folded before Flop (didn't bet)
Seat 6: antler88 folded before Flop (didn't bet)
Seat 7: x huesito x folded before Flop (didn't bet)
Seat 8: vangel2121 folded on the River
Seat 9: Chunclis (button) folded before Flop (didn't bet)



PokerStars Game #72948187444: Tournament #491423247, $1.32+$0.18 USD Hold'em No Limit - Level II (15/30) - 2011/12/29 23:40:15 AEST [2011/12/29 7:40:15 ET]
Table '491423247 1' 9-max Seat #1 is the button
Seat 1: Kanjano (1485 in chips) 
Seat 2: PunchyDude (1660 in chips) 
Seat 3: bandziorno81 (1470 in chips) 
Seat 4: marcosmamori (1545 in chips) 
Seat 5: kebabbman (1470 in chips) 
Seat 6: antler88 (1220 in chips) 
Seat 7: x huesito x (1470 in chips) 
Seat 8: vangel2121 (1770 in chips) 
Seat 9: Chunclis (1410 in chips) 
PunchyDude: posts small blind 15
bandziorno81: posts big blind 30
*** HOLE CARDS ***
Dealt to antler88 [2h Kh]
marcosmamori: folds 
kebabbman: folds 
antler88: folds 
x huesito x: folds 
vangel2121: calls 30
Chunclis: folds 
Kanjano: folds 
PunchyDude: folds 
bandziorno81: checks 
*** FLOP *** [Kd Ad 2s]
bandziorno81: checks 
vangel2121: bets 60
bandziorno81: folds 
Uncalled bet (60) returned to vangel2121
vangel2121 collected 75 from pot
*** SUMMARY ***
Total pot 75 | Rake 0 
Board [Kd Ad 2s]
Seat 1: Kanjano (button) folded before Flop (didn't bet)
Seat 2: PunchyDude (small blind) folded before Flop
Seat 3: bandziorno81 (big blind) folded on the Flop
Seat 4: marcosmamori folded before Flop (didn't bet)
Seat 5: kebabbman folded before Flop (didn't bet)
Seat 6: antler88 folded before Flop (didn't bet)
Seat 7: x huesito x folded before Flop (didn't bet)
Seat 8: vangel2121 collected (75)
Seat 9: Chunclis folded before Flop (didn't bet)



PokerStars Game #72948211904: Tournament #491423247, $1.32+$0.18 USD Hold'em No Limit - Level II (15/30) - 2011/12/29 23:40:55 AEST [2011/12/29 7:40:55 ET]
Table '491423247 1' 9-max Seat #2 is the button
Seat 1: Kanjano (1485 in chips) 
Seat 2: PunchyDude (1645 in chips) 
Seat 3: bandziorno81 (1440 in chips) 
Seat 4: marcosmamori (1545 in chips) 
Seat 5: kebabbman (1470 in chips) 
Seat 6: antler88 (1220 in chips) 
Seat 7: x huesito x (1470 in chips) 
Seat 8: vangel2121 (1815 in chips) 
Seat 9: Chunclis (1410 in chips) 
bandziorno81: posts small blind 15
marcosmamori: posts big blind 30
*** HOLE CARDS ***
Dealt to antler88 [Jh 3h]
kebabbman: folds 
antler88: folds 
x huesito x: folds 
vangel2121: calls 30
Chunclis: folds 
Kanjano: folds 
PunchyDude: folds 
bandziorno81: folds 
marcosmamori: raises 90 to 120
vangel2121: calls 90
*** FLOP *** [7s 4h 3d]
marcosmamori: bets 120
vangel2121: folds 
Uncalled bet (120) returned to marcosmamori
marcosmamori collected 255 from pot
*** SUMMARY ***
Total pot 255 | Rake 0 
Board [7s 4h 3d]
Seat 1: Kanjano folded before Flop (didn't bet)
Seat 2: PunchyDude (button) folded before Flop (didn't bet)
Seat 3: bandziorno81 (small blind) folded before Flop
Seat 4: marcosmamori (big blind) collected (255)
Seat 5: kebabbman folded before Flop (didn't bet)
Seat 6: antler88 folded before Flop (didn't bet)
Seat 7: x huesito x folded before Flop (didn't bet)
Seat 8: vangel2121 folded on the Flop
Seat 9: Chunclis folded before Flop (didn't bet)



PokerStars Game #72948238634: Tournament #491423247, $1.32+$0.18 USD Hold'em No Limit - Level II (15/30) - 2011/12/29 23:41:39 AEST [2011/12/29 7:41:39 ET]
Table '491423247 1' 9-max Seat #3 is the button
Seat 1: Kanjano (1485 in chips) 
Seat 2: PunchyDude (1645 in chips) 
Seat 3: bandziorno81 (1425 in chips) 
Seat 4: marcosmamori (1680 in chips) 
Seat 5: kebabbman (1470 in chips) 
Seat 6: antler88 (1220 in chips) 
Seat 7: x huesito x (1470 in chips) 
Seat 8: vangel2121 (1695 in chips) 
Seat 9: Chunclis (1410 in chips) 
marcosmamori: posts small blind 15
kebabbman: posts big blind 30
*** HOLE CARDS ***
Dealt to antler88 [6h Tc]
antler88: folds 
x huesito x: folds 
vangel2121: folds 
Chunclis: folds 
Kanjano: folds 
PunchyDude: folds 
bandziorno81: folds 
marcosmamori: folds 
Uncalled bet (15) returned to kebabbman
kebabbman collected 30 from pot
*** SUMMARY ***
Total pot 30 | Rake 0 
Seat 1: Kanjano folded before Flop (didn't bet)
Seat 2: PunchyDude folded before Flop (didn't bet)
Seat 3: bandziorno81 (button) folded before Flop (didn't bet)
Seat 4: marcosmamori (small blind) folded before Flop
Seat 5: kebabbman (big blind) collected (30)
Seat 6: antler88 folded before Flop (didn't bet)
Seat 7: x huesito x folded before Flop (didn't bet)
Seat 8: vangel2121 folded before Flop (didn't bet)
Seat 9: Chunclis folded before Flop (didn't bet)



PokerStars Game #72948248249: Tournament #491423247, $1.32+$0.18 USD Hold'em No Limit - Level II (15/30) - 2011/12/29 23:41:55 AEST [2011/12/29 7:41:55 ET]
Table '491423247 1' 9-max Seat #4 is the button
Seat 1: Kanjano (1485 in chips) 
Seat 2: PunchyDude (1645 in chips) 
Seat 3: bandziorno81 (1425 in chips) 
Seat 4: marcosmamori (1665 in chips) 
Seat 5: kebabbman (1485 in chips) 
Seat 6: antler88 (1220 in chips) 
Seat 7: x huesito x (1470 in chips) 
Seat 8: vangel2121 (1695 in chips) 
Seat 9: Chunclis (1410 in chips) 
kebabbman: posts small blind 15
antler88: posts big blind 30
*** HOLE CARDS ***
Dealt to antler88 [5d 9s]
x huesito x: folds 
vangel2121: calls 30
Chunclis: folds 
Kanjano: folds 
PunchyDude: raises 120 to 150
bandziorno81: folds 
marcosmamori: folds 
kebabbman: folds 
antler88: folds 
vangel2121: folds 
Uncalled bet (120) returned to PunchyDude
PunchyDude collected 105 from pot
PunchyDude: doesn't show hand 
*** SUMMARY ***
Total pot 105 | Rake 0 
Seat 1: Kanjano folded before Flop (didn't bet)
Seat 2: PunchyDude collected (105)
Seat 3: bandziorno81 folded before Flop (didn't bet)
Seat 4: marcosmamori (button) folded before Flop (didn't bet)
Seat 5: kebabbman (small blind) folded before Flop
Seat 6: antler88 (big blind) folded before Flop
Seat 7: x huesito x folded before Flop (didn't bet)
Seat 8: vangel2121 folded before Flop
Seat 9: Chunclis folded before Flop (didn't bet)



PokerStars Game #72948260857: Tournament #491423247, $1.32+$0.18 USD Hold'em No Limit - Level II (15/30) - 2011/12/29 23:42:16 AEST [2011/12/29 7:42:16 ET]
Table '491423247 1' 9-max Seat #5 is the button
Seat 1: Kanjano (1485 in chips) 
Seat 2: PunchyDude (1720 in chips) 
Seat 3: bandziorno81 (1425 in chips) 
Seat 4: marcosmamori (1665 in chips) 
Seat 5: kebabbman (1470 in chips) 
Seat 6: antler88 (1190 in chips) 
Seat 7: x huesito x (1470 in chips) 
Seat 8: vangel2121 (1665 in chips) 
Seat 9: Chunclis (1410 in chips) 
antler88: posts small blind 15
x huesito x: posts big blind 30
*** HOLE CARDS ***
Dealt to antler88 [Jd 7h]
vangel2121: calls 30
Chunclis: raises 90 to 120
Kanjano: folds 
PunchyDude: folds 
bandziorno81: folds 
marcosmamori: folds 
kebabbman: folds 
antler88: folds 
x huesito x: folds 
vangel2121: calls 90
*** FLOP *** [5d 7c 8c]
vangel2121: checks 
Chunclis: bets 171
vangel2121: calls 171
*** TURN *** [5d 7c 8c] [6s]
vangel2121: checks 
Chunclis: checks 
*** RIVER *** [5d 7c 8c 6s] [5c]
vangel2121: bets 450
Chunclis: calls 450
*** SHOW DOWN ***
vangel2121: shows [As 4h] (a straight, Four to Eight)
Chunclis: mucks hand 
vangel2121 collected 1527 from pot
*** SUMMARY ***
Total pot 1527 | Rake 0 
Board [5d 7c 8c 6s 5c]
Seat 1: Kanjano folded before Flop (didn't bet)
Seat 2: PunchyDude folded before Flop (didn't bet)
Seat 3: bandziorno81 folded before Flop (didn't bet)
Seat 4: marcosmamori folded before Flop (didn't bet)
Seat 5: kebabbman (button) folded before Flop (didn't bet)
Seat 6: antler88 (small blind) folded before Flop
Seat 7: x huesito x (big blind) folded before Flop
Seat 8: vangel2121 showed [As 4h] and won (1527) with a straight, Four to Eight
Seat 9: Chunclis mucked [Ts Td]



PokerStars Game #72948298414: Tournament #491423247, $1.32+$0.18 USD Hold'em No Limit - Level II (15/30) - 2011/12/29 23:43:17 AEST [2011/12/29 7:43:17 ET]
Table '491423247 1' 9-max Seat #6 is the button
Seat 1: Kanjano (1485 in chips) 
Seat 2: PunchyDude (1720 in chips) 
Seat 3: bandziorno81 (1425 in chips) 
Seat 4: marcosmamori (1665 in chips) 
Seat 5: kebabbman (1470 in chips) 
Seat 6: antler88 (1175 in chips) 
Seat 7: x huesito x (1440 in chips) 
Seat 8: vangel2121 (2451 in chips) 
Seat 9: Chunclis (669 in chips) 
x huesito x: posts small blind 15
vangel2121: posts big blind 30
*** HOLE CARDS ***
Dealt to antler88 [Qc 8d]
Chunclis: folds 
Kanjano: folds 
PunchyDude: raises 60 to 90
bandziorno81: folds 
marcosmamori: folds 
kebabbman: folds 
antler88: folds 
x huesito x: calls 75
vangel2121: folds 
*** FLOP *** [8c Ac Kd]
x huesito x: checks 
PunchyDude: bets 210
x huesito x: folds 
Uncalled bet (210) returned to PunchyDude
PunchyDude collected 210 from pot
*** SUMMARY ***
Total pot 210 | Rake 0 
Board [8c Ac Kd]
Seat 1: Kanjano folded before Flop (didn't bet)
Seat 2: PunchyDude collected (210)
Seat 3: bandziorno81 folded before Flop (didn't bet)
Seat 4: marcosmamori folded before Flop (didn't bet)
Seat 5: kebabbman folded before Flop (didn't bet)
Seat 6: antler88 (button) folded before Flop (didn't bet)
Seat 7: x huesito x (small blind) folded on the Flop
Seat 8: vangel2121 (big blind) folded before Flop
Seat 9: Chunclis folded before Flop (didn't bet)



PokerStars Game #72948316879: Tournament #491423247, $1.32+$0.18 USD Hold'em No Limit - Level III (25/50) - 2011/12/29 23:43:48 AEST [2011/12/29 7:43:48 ET]
Table '491423247 1' 9-max Seat #7 is the button
Seat 1: Kanjano (1485 in chips) 
Seat 2: PunchyDude (1840 in chips) 
Seat 3: bandziorno81 (1425 in chips) 
Seat 4: marcosmamori (1665 in chips) 
Seat 5: kebabbman (1470 in chips) 
Seat 6: antler88 (1175 in chips) 
Seat 7: x huesito x (1350 in chips) 
Seat 8: vangel2121 (2421 in chips) 
Seat 9: Chunclis (669 in chips) 
vangel2121: posts small blind 25
Chunclis: posts big blind 50
*** HOLE CARDS ***
Dealt to antler88 [3h Kh]
Kanjano: folds 
PunchyDude: folds 
bandziorno81: folds 
marcosmamori: folds 
kebabbman: folds 
antler88: folds 
x huesito x: folds 
vangel2121: calls 25
Chunclis: checks 
*** FLOP *** [3d Ad Ts]
vangel2121: checks 
Chunclis: bets 50
vangel2121: calls 50
*** TURN *** [3d Ad Ts] [2s]
vangel2121: checks 
Chunclis: bets 120
vangel2121: calls 120
*** RIVER *** [3d Ad Ts 2s] [9d]
vangel2121: checks 
Chunclis: bets 440
vangel2121: calls 440
*** SHOW DOWN ***
Chunclis: shows [Kd 7d] (a flush, Ace high)
vangel2121: mucks hand 
Chunclis collected 1320 from pot
*** SUMMARY ***
Total pot 1320 | Rake 0 
Board [3d Ad Ts 2s 9d]
Seat 1: Kanjano folded before Flop (didn't bet)
Seat 2: PunchyDude folded before Flop (didn't bet)
Seat 3: bandziorno81 folded before Flop (didn't bet)
Seat 4: marcosmamori folded before Flop (didn't bet)
Seat 5: kebabbman folded before Flop (didn't bet)
Seat 6: antler88 folded before Flop (didn't bet)
Seat 7: x huesito x (button) folded before Flop (didn't bet)
Seat 8: vangel2121 (small blind) mucked [Kc Ks]
Seat 9: Chunclis (big blind) showed [Kd 7d] and won (1320) with a flush, Ace high



PokerStars Game #72948367631: Tournament #491423247, $1.32+$0.18 USD Hold'em No Limit - Level III (25/50) - 2011/12/29 23:45:11 AEST [2011/12/29 7:45:11 ET]
Table '491423247 1' 9-max Seat #8 is the button
Seat 1: Kanjano (1485 in chips) 
Seat 2: PunchyDude (1840 in chips) 
Seat 3: bandziorno81 (1425 in chips) 
Seat 4: marcosmamori (1665 in chips) 
Seat 5: kebabbman (1470 in chips) 
Seat 6: antler88 (1175 in chips) 
Seat 7: x huesito x (1350 in chips) 
Seat 8: vangel2121 (1761 in chips) 
Seat 9: Chunclis (1329 in chips) 
Chunclis: posts small blind 25
Kanjano: posts big blind 50
*** HOLE CARDS ***
Dealt to antler88 [6h 3s]
PunchyDude: folds 
bandziorno81: folds 
marcosmamori: folds 
kebabbman: folds 
antler88: folds 
x huesito x: folds 
vangel2121: folds 
Chunclis: folds 
Uncalled bet (25) returned to Kanjano
Kanjano collected 50 from pot
*** SUMMARY ***
Total pot 50 | Rake 0 
Seat 1: Kanjano (big blind) collected (50)
Seat 2: PunchyDude folded before Flop (didn't bet)
Seat 3: bandziorno81 folded before Flop (didn't bet)
Seat 4: marcosmamori folded before Flop (didn't bet)
Seat 5: kebabbman folded before Flop (didn't bet)
Seat 6: antler88 folded before Flop (didn't bet)
Seat 7: x huesito x folded before Flop (didn't bet)
Seat 8: vangel2121 (button) folded before Flop (didn't bet)
Seat 9: Chunclis (small blind) folded before Flop



PokerStars Game #72948380045: Tournament #491423247, $1.32+$0.18 USD Hold'em No Limit - Level III (25/50) - 2011/12/29 23:45:31 AEST [2011/12/29 7:45:31 ET]
Table '491423247 1' 9-max Seat #9 is the button
Seat 1: Kanjano (1510 in chips) 
Seat 2: PunchyDude (1840 in chips) 
Seat 3: bandziorno81 (1425 in chips) 
Seat 4: marcosmamori (1665 in chips) 
Seat 5: kebabbman (1470 in chips) 
Seat 6: antler88 (1175 in chips) 
Seat 7: x huesito x (1350 in chips) 
Seat 8: vangel2121 (1761 in chips) 
Seat 9: Chunclis (1304 in chips) 
Kanjano: posts small blind 25
PunchyDude: posts big blind 50
*** HOLE CARDS ***
Dealt to antler88 [Ah 4s]
bandziorno81: folds 
marcosmamori: folds 
kebabbman: folds 
antler88: folds 
x huesito x: folds 
vangel2121: calls 50
Chunclis: folds 
Kanjano: folds 
PunchyDude: checks 
*** FLOP *** [4h 8c 6s]
PunchyDude: checks 
vangel2121: checks 
*** TURN *** [4h 8c 6s] [8h]
PunchyDude: checks 
vangel2121: checks 
*** RIVER *** [4h 8c 6s 8h] [Ad]
PunchyDude: checks 
vangel2121: checks 
*** SHOW DOWN ***
PunchyDude: shows [Jc 9c] (a pair of Eights)
vangel2121: mucks hand 
PunchyDude collected 125 from pot
*** SUMMARY ***
Total pot 125 | Rake 0 
Board [4h 8c 6s 8h Ad]
Seat 1: Kanjano (small blind) folded before Flop
Seat 2: PunchyDude (big blind) showed [Jc 9c] and won (125) with a pair of Eights
Seat 3: bandziorno81 folded before Flop (didn't bet)
Seat 4: marcosmamori folded before Flop (didn't bet)
Seat 5: kebabbman folded before Flop (didn't bet)
Seat 6: antler88 folded before Flop (didn't bet)
Seat 7: x huesito x folded before Flop (didn't bet)
Seat 8: vangel2121 mucked [2c 3s]
Seat 9: Chunclis (button) folded before Flop (didn't bet)



PokerStars Game #72948416958: Tournament #491423247, $1.32+$0.18 USD Hold'em No Limit - Level III (25/50) - 2011/12/29 23:46:32 AEST [2011/12/29 7:46:32 ET]
Table '491423247 1' 9-max Seat #1 is the button
Seat 1: Kanjano (1485 in chips) 
Seat 2: PunchyDude (1915 in chips) 
Seat 3: bandziorno81 (1425 in chips) 
Seat 4: marcosmamori (1665 in chips) 
Seat 5: kebabbman (1470 in chips) 
Seat 6: antler88 (1175 in chips) 
Seat 7: x huesito x (1350 in chips) 
Seat 8: vangel2121 (1711 in chips) 
Seat 9: Chunclis (1304 in chips) 
PunchyDude: posts small blind 25
bandziorno81: posts big blind 50
*** HOLE CARDS ***
Dealt to antler88 [8s 3c]
marcosmamori: raises 75 to 125
kebabbman: folds 
antler88: folds 
x huesito x: folds 
vangel2121: calls 125
Chunclis: folds 
Kanjano: folds 
PunchyDude: folds 
bandziorno81: folds 
*** FLOP *** [Ac Jd 7c]
marcosmamori: checks 
vangel2121: checks 
*** TURN *** [Ac Jd 7c] [Ks]
marcosmamori: bets 165
vangel2121: calls 165
*** RIVER *** [Ac Jd 7c Ks] [Tc]
marcosmamori: bets 650
vangel2121: folds 
Uncalled bet (650) returned to marcosmamori
marcosmamori collected 655 from pot
*** SUMMARY ***
Total pot 655 | Rake 0 
Board [Ac Jd 7c Ks Tc]
Seat 1: Kanjano (button) folded before Flop (didn't bet)
Seat 2: PunchyDude (small blind) folded before Flop
Seat 3: bandziorno81 (big blind) folded before Flop
Seat 4: marcosmamori collected (655)
Seat 5: kebabbman folded before Flop (didn't bet)
Seat 6: antler88 folded before Flop (didn't bet)
Seat 7: x huesito x folded before Flop (didn't bet)
Seat 8: vangel2121 folded on the River
Seat 9: Chunclis folded before Flop (didn't bet)



PokerStars Game #72948457382: Tournament #491423247, $1.32+$0.18 USD Hold'em No Limit - Level III (25/50) - 2011/12/29 23:47:38 AEST [2011/12/29 7:47:38 ET]
Table '491423247 1' 9-max Seat #2 is the button
Seat 1: Kanjano (1485 in chips) 
Seat 2: PunchyDude (1890 in chips) 
Seat 3: bandziorno81 (1375 in chips) 
Seat 4: marcosmamori (2030 in chips) 
Seat 5: kebabbman (1470 in chips) 
Seat 6: antler88 (1175 in chips) 
Seat 7: x huesito x (1350 in chips) 
Seat 8: vangel2121 (1421 in chips) 
Seat 9: Chunclis (1304 in chips) 
bandziorno81: posts small blind 25
marcosmamori: posts big blind 50
*** HOLE CARDS ***
Dealt to antler88 [7h 6h]
kebabbman: folds 
antler88: folds 
x huesito x: folds 
vangel2121: calls 50
Chunclis: folds 
Kanjano: raises 100 to 150
PunchyDude has timed out
PunchyDude: folds 
PunchyDude is sitting out
PunchyDude has returned
bandziorno81: folds 
marcosmamori: folds 
vangel2121: calls 100
*** FLOP *** [7d Ah Kh]
vangel2121: checks 
Kanjano: bets 180
vangel2121: calls 180
*** TURN *** [7d Ah Kh] [Ac]
vangel2121: checks 
Kanjano: bets 400
vangel2121: calls 400
*** RIVER *** [7d Ah Kh Ac] [Kc]
vangel2121: bets 691 and is all-in
Kanjano: calls 691
*** SHOW DOWN ***
vangel2121: shows [Ks 9h] (a full house, Kings full of Aces)
Kanjano: shows [Td Ad] (a full house, Aces full of Kings)
Kanjano collected 2917 from pot
vangel2121 finished the tournament in 9th place
*** SUMMARY ***
Total pot 2917 | Rake 0 
Board [7d Ah Kh Ac Kc]
Seat 1: Kanjano showed [Td Ad] and won (2917) with a full house, Aces full of Kings
Seat 2: PunchyDude (button) folded before Flop (didn't bet)
Seat 3: bandziorno81 (small blind) folded before Flop
Seat 4: marcosmamori (big blind) folded before Flop
Seat 5: kebabbman folded before Flop (didn't bet)
Seat 6: antler88 folded before Flop (didn't bet)
Seat 7: x huesito x folded before Flop (didn't bet)
Seat 8: vangel2121 showed [Ks 9h] and lost with a full house, Kings full of Aces
Seat 9: Chunclis folded before Flop (didn't bet)



PokerStars Game #72948522858: Tournament #491423247, $1.32+$0.18 USD Hold'em No Limit - Level IV (50/100) - 2011/12/29 23:49:24 AEST [2011/12/29 7:49:24 ET]
Table '491423247 1' 9-max Seat #3 is the button
Seat 1: Kanjano (2981 in chips) 
Seat 2: PunchyDude (1890 in chips) 
Seat 3: bandziorno81 (1350 in chips) 
Seat 4: marcosmamori (1980 in chips) 
Seat 5: kebabbman (1470 in chips) 
Seat 6: antler88 (1175 in chips) 
Seat 7: x huesito x (1350 in chips) 
Seat 9: Chunclis (1304 in chips) 
marcosmamori: posts small blind 50
kebabbman: posts big blind 100
*** HOLE CARDS ***
Dealt to antler88 [6c As]
antler88: folds 
x huesito x: folds 
Chunclis: folds 
Chunclis said, "call station.."
Kanjano: folds 
PunchyDude: raises 200 to 300
bandziorno81: folds 
marcosmamori: folds 
kebabbman: folds 
Uncalled bet (200) returned to PunchyDude
PunchyDude collected 250 from pot
*** SUMMARY ***
Total pot 250 | Rake 0 
Seat 1: Kanjano folded before Flop (didn't bet)
Seat 2: PunchyDude collected (250)
Seat 3: bandziorno81 (button) folded before Flop (didn't bet)
Seat 4: marcosmamori (small blind) folded before Flop
Seat 5: kebabbman (big blind) folded before Flop
Seat 6: antler88 folded before Flop (didn't bet)
Seat 7: x huesito x folded before Flop (didn't bet)
Seat 9: Chunclis folded before Flop (didn't bet)



PokerStars Game #72948546200: Tournament #491423247, $1.32+$0.18 USD Hold'em No Limit - Level IV (50/100) - 2011/12/29 23:50:02 AEST [2011/12/29 7:50:02 ET]
Table '491423247 1' 9-max Seat #4 is the button
Seat 1: Kanjano (2981 in chips) 
Seat 2: PunchyDude (2040 in chips) 
Seat 3: bandziorno81 (1350 in chips) 
Seat 4: marcosmamori (1930 in chips) 
Seat 5: kebabbman (1370 in chips) 
Seat 6: antler88 (1175 in chips) 
Seat 7: x huesito x (1350 in chips) 
Seat 9: Chunclis (1304 in chips) 
kebabbman: posts small blind 50
antler88: posts big blind 100
*** HOLE CARDS ***
Dealt to antler88 [Qh Ks]
x huesito x: folds 
Chunclis: folds 
Kanjano: folds 
PunchyDude: folds 
bandziorno81: folds 
marcosmamori: folds 
kebabbman: raises 150 to 250
antler88: calls 150
*** FLOP *** [4s 2d Qd]
kebabbman: checks 
antler88: bets 925 and is all-in
kebabbman: calls 925
*** TURN *** [4s 2d Qd] [3d]
*** RIVER *** [4s 2d Qd 3d] [4c]
*** SHOW DOWN ***
kebabbman: shows [Ah Kh] (a pair of Fours)
antler88: shows [Qh Ks] (two pair, Queens and Fours)
antler88 collected 2350 from pot
*** SUMMARY ***
Total pot 2350 | Rake 0 
Board [4s 2d Qd 3d 4c]
Seat 1: Kanjano folded before Flop (didn't bet)
Seat 2: PunchyDude folded before Flop (didn't bet)
Seat 3: bandziorno81 folded before Flop (didn't bet)
Seat 4: marcosmamori (button) folded before Flop (didn't bet)
Seat 5: kebabbman (small blind) showed [Ah Kh] and lost with a pair of Fours
Seat 6: antler88 (big blind) showed [Qh Ks] and won (2350) with two pair, Queens and Fours
Seat 7: x huesito x folded before Flop (didn't bet)
Seat 9: Chunclis folded before Flop (didn't bet)



PokerStars Game #72948590215: Tournament #491423247, $1.32+$0.18 USD Hold'em No Limit - Level IV (50/100) - 2011/12/29 23:51:14 AEST [2011/12/29 7:51:14 ET]
Table '491423247 1' 9-max Seat #5 is the button
Seat 1: Kanjano (2981 in chips) 
Seat 2: PunchyDude (2040 in chips) 
Seat 3: bandziorno81 (1350 in chips) 
Seat 4: marcosmamori (1930 in chips) 
Seat 5: kebabbman (195 in chips) 
Seat 6: antler88 (2350 in chips) 
Seat 7: x huesito x (1350 in chips) 
Seat 9: Chunclis (1304 in chips) 
antler88: posts small blind 50
x huesito x: posts big blind 100
*** HOLE CARDS ***
Dealt to antler88 [5h Ad]
Chunclis: folds 
kebabbman said, "fckin lucky"
Kanjano: folds 
PunchyDude: folds 
bandziorno81: folds 
marcosmamori: folds 
kebabbman: raises 95 to 195 and is all-in
antler88: raises 405 to 600
x huesito x: folds 
Uncalled bet (405) returned to antler88
*** FLOP *** [Jc 5c 8c]
*** TURN *** [Jc 5c 8c] [6s]
*** RIVER *** [Jc 5c 8c 6s] [Ac]
*** SHOW DOWN ***
antler88: shows [5h Ad] (two pair, Aces and Fives)
kebabbman: shows [5s Kh] (a pair of Fives)
antler88 collected 490 from pot
kebabbman finished the tournament in 8th place
*** SUMMARY ***
Total pot 490 | Rake 0 
Board [Jc 5c 8c 6s Ac]
Seat 1: Kanjano folded before Flop (didn't bet)
Seat 2: PunchyDude folded before Flop (didn't bet)
Seat 3: bandziorno81 folded before Flop (didn't bet)
Seat 4: marcosmamori folded before Flop (didn't bet)
Seat 5: kebabbman (button) showed [5s Kh] and lost with a pair of Fives
Seat 6: antler88 (small blind) showed [5h Ad] and won (490) with two pair, Aces and Fives
Seat 7: x huesito x (big blind) folded before Flop
Seat 9: Chunclis folded before Flop (didn't bet)



PokerStars Game #72948615697: Tournament #491423247, $1.32+$0.18 USD Hold'em No Limit - Level IV (50/100) - 2011/12/29 23:51:56 AEST [2011/12/29 7:51:56 ET]
Table '491423247 1' 9-max Seat #6 is the button
Seat 1: Kanjano (2981 in chips) 
Seat 2: PunchyDude (2040 in chips) 
Seat 3: bandziorno81 (1350 in chips) 
Seat 4: marcosmamori (1930 in chips) 
Seat 6: antler88 (2645 in chips) 
Seat 7: x huesito x (1250 in chips) 
Seat 9: Chunclis (1304 in chips) 
x huesito x: posts small blind 50
Chunclis: posts big blind 100
*** HOLE CARDS ***
Dealt to antler88 [5s 2c]
Kanjano: folds 
PunchyDude: raises 200 to 300
bandziorno81: folds 
marcosmamori: folds 
antler88: folds 
x huesito x: folds 
Chunclis: folds 
Uncalled bet (200) returned to PunchyDude
PunchyDude collected 250 from pot
PunchyDude: doesn't show hand 
*** SUMMARY ***
Total pot 250 | Rake 0 
Seat 1: Kanjano folded before Flop (didn't bet)
Seat 2: PunchyDude collected (250)
Seat 3: bandziorno81 folded before Flop (didn't bet)
Seat 4: marcosmamori folded before Flop (didn't bet)
Seat 6: antler88 (button) folded before Flop (didn't bet)
Seat 7: x huesito x (small blind) folded before Flop
Seat 9: Chunclis (big blind) folded before Flop



PokerStars Game #72948635767: Tournament #491423247, $1.32+$0.18 USD Hold'em No Limit - Level IV (50/100) - 2011/12/29 23:52:29 AEST [2011/12/29 7:52:29 ET]
Table '491423247 1' 9-max Seat #7 is the button
Seat 1: Kanjano (2981 in chips) 
Seat 2: PunchyDude (2190 in chips) 
Seat 3: bandziorno81 (1350 in chips) 
Seat 4: marcosmamori (1930 in chips) 
Seat 6: antler88 (2645 in chips) 
Seat 7: x huesito x (1200 in chips) 
Seat 9: Chunclis (1204 in chips) 
Chunclis: posts small blind 50
Kanjano: posts big blind 100
*** HOLE CARDS ***
Dealt to antler88 [4h Qs]
PunchyDude: folds 
bandziorno81: folds 
marcosmamori: folds 
antler88: folds 
x huesito x: raises 1100 to 1200 and is all-in
Chunclis: folds 
Kanjano: folds 
Uncalled bet (1100) returned to x huesito x
x huesito x collected 250 from pot
*** SUMMARY ***
Total pot 250 | Rake 0 
Seat 1: Kanjano (big blind) folded before Flop
Seat 2: PunchyDude folded before Flop (didn't bet)
Seat 3: bandziorno81 folded before Flop (didn't bet)
Seat 4: marcosmamori folded before Flop (didn't bet)
Seat 6: antler88 folded before Flop (didn't bet)
Seat 7: x huesito x (button) collected (250)
Seat 9: Chunclis (small blind) folded before Flop



PokerStars Game #72948645310: Tournament #491423247, $1.32+$0.18 USD Hold'em No Limit - Level IV (50/100) - 2011/12/29 23:52:44 AEST [2011/12/29 7:52:44 ET]
Table '491423247 1' 9-max Seat #9 is the button
Seat 1: Kanjano (2881 in chips) 
Seat 2: PunchyDude (2190 in chips) 
Seat 3: bandziorno81 (1350 in chips) 
Seat 4: marcosmamori (1930 in chips) 
Seat 6: antler88 (2645 in chips) 
Seat 7: x huesito x (1350 in chips) 
Seat 9: Chunclis (1154 in chips) 
Kanjano: posts small blind 50
PunchyDude: posts big blind 100
*** HOLE CARDS ***
Dealt to antler88 [3h 8c]
bandziorno81: folds 
marcosmamori: folds 
antler88: folds 
x huesito x: folds 
Chunclis: folds 
Kanjano: folds 
Uncalled bet (50) returned to PunchyDude
PunchyDude collected 100 from pot
*** SUMMARY ***
Total pot 100 | Rake 0 
Seat 1: Kanjano (small blind) folded before Flop
Seat 2: PunchyDude (big blind) collected (100)
Seat 3: bandziorno81 folded before Flop (didn't bet)
Seat 4: marcosmamori folded before Flop (didn't bet)
Seat 6: antler88 folded before Flop (didn't bet)
Seat 7: x huesito x folded before Flop (didn't bet)
Seat 9: Chunclis (button) folded before Flop (didn't bet)



PokerStars Game #72948656329: Tournament #491423247, $1.32+$0.18 USD Hold'em No Limit - Level IV (50/100) - 2011/12/29 23:53:02 AEST [2011/12/29 7:53:02 ET]
Table '491423247 1' 9-max Seat #1 is the button
Seat 1: Kanjano (2831 in chips) 
Seat 2: PunchyDude (2240 in chips) 
Seat 3: bandziorno81 (1350 in chips) 
Seat 4: marcosmamori (1930 in chips) 
Seat 6: antler88 (2645 in chips) 
Seat 7: x huesito x (1350 in chips) 
Seat 9: Chunclis (1154 in chips) 
PunchyDude: posts small blind 50
bandziorno81: posts big blind 100
*** HOLE CARDS ***
Dealt to antler88 [Qs 7h]
marcosmamori: raises 150 to 250
antler88: folds 
x huesito x: folds 
Chunclis: folds 
Kanjano: folds 
PunchyDude: folds 
bandziorno81: folds 
Uncalled bet (150) returned to marcosmamori
marcosmamori collected 250 from pot
*** SUMMARY ***
Total pot 250 | Rake 0 
Seat 1: Kanjano (button) folded before Flop (didn't bet)
Seat 2: PunchyDude (small blind) folded before Flop
Seat 3: bandziorno81 (big blind) folded before Flop
Seat 4: marcosmamori collected (250)
Seat 6: antler88 folded before Flop (didn't bet)
Seat 7: x huesito x folded before Flop (didn't bet)
Seat 9: Chunclis folded before Flop (didn't bet)



PokerStars Game #72948671002: Tournament #491423247, $1.32+$0.18 USD Hold'em No Limit - Level IV (50/100) - 2011/12/29 23:53:27 AEST [2011/12/29 7:53:27 ET]
Table '491423247 1' 9-max Seat #2 is the button
Seat 1: Kanjano (2831 in chips) 
Seat 2: PunchyDude (2190 in chips) 
Seat 3: bandziorno81 (1250 in chips) 
Seat 4: marcosmamori (2080 in chips) 
Seat 6: antler88 (2645 in chips) 
Seat 7: x huesito x (1350 in chips) 
Seat 9: Chunclis (1154 in chips) 
bandziorno81: posts small blind 50
marcosmamori: posts big blind 100
*** HOLE CARDS ***
Dealt to antler88 [Kh 5c]
antler88: folds 
x huesito x: folds 
Chunclis: folds 
Kanjano: folds 
PunchyDude: raises 150 to 250
bandziorno81: folds 
marcosmamori: folds 
Uncalled bet (150) returned to PunchyDude
PunchyDude collected 250 from pot
PunchyDude: doesn't show hand 
*** SUMMARY ***
Total pot 250 | Rake 0 
Seat 1: Kanjano folded before Flop (didn't bet)
Seat 2: PunchyDude (button) collected (250)
Seat 3: bandziorno81 (small blind) folded before Flop
Seat 4: marcosmamori (big blind) folded before Flop
Seat 6: antler88 folded before Flop (didn't bet)
Seat 7: x huesito x folded before Flop (didn't bet)
Seat 9: Chunclis folded before Flop (didn't bet)



PokerStars Game #72948685742: Tournament #491423247, $1.32+$0.18 USD Hold'em No Limit - Level V (75/150) - 2011/12/29 23:53:51 AEST [2011/12/29 7:53:51 ET]
Table '491423247 1' 9-max Seat #3 is the button
Seat 1: Kanjano (2831 in chips) 
Seat 2: PunchyDude (2340 in chips) 
Seat 3: bandziorno81 (1200 in chips) 
Seat 4: marcosmamori (1980 in chips) 
Seat 6: antler88 (2645 in chips) 
Seat 7: x huesito x (1350 in chips) 
Seat 9: Chunclis (1154 in chips) 
marcosmamori: posts small blind 75
antler88: posts big blind 150
*** HOLE CARDS ***
Dealt to antler88 [3d Tc]
x huesito x: folds 
Chunclis: folds 
Kanjano: folds 
PunchyDude: folds 
bandziorno81: folds 
marcosmamori: raises 150 to 300
antler88: folds 
Uncalled bet (150) returned to marcosmamori
marcosmamori collected 300 from pot
*** SUMMARY ***
Total pot 300 | Rake 0 
Seat 1: Kanjano folded before Flop (didn't bet)
Seat 2: PunchyDude folded before Flop (didn't bet)
Seat 3: bandziorno81 (button) folded before Flop (didn't bet)
Seat 4: marcosmamori (small blind) collected (300)
Seat 6: antler88 (big blind) folded before Flop
Seat 7: x huesito x folded before Flop (didn't bet)
Seat 9: Chunclis folded before Flop (didn't bet)



PokerStars Game #72948704732: Tournament #491423247, $1.32+$0.18 USD Hold'em No Limit - Level V (75/150) - 2011/12/29 23:54:22 AEST [2011/12/29 7:54:22 ET]
Table '491423247 1' 9-max Seat #4 is the button
Seat 1: Kanjano (2831 in chips) 
Seat 2: PunchyDude (2340 in chips) 
Seat 3: bandziorno81 (1200 in chips) 
Seat 4: marcosmamori (2130 in chips) 
Seat 6: antler88 (2495 in chips) 
Seat 7: x huesito x (1350 in chips) 
Seat 9: Chunclis (1154 in chips) 
antler88: posts small blind 75
x huesito x: posts big blind 150
*** HOLE CARDS ***
Dealt to antler88 [8c Jh]
Chunclis: folds 
Kanjano: folds 
PunchyDude: raises 225 to 375
bandziorno81: folds 
marcosmamori: folds 
antler88: folds 
x huesito x: folds 
Uncalled bet (225) returned to PunchyDude
PunchyDude collected 375 from pot
PunchyDude: doesn't show hand 
*** SUMMARY ***
Total pot 375 | Rake 0 
Seat 1: Kanjano folded before Flop (didn't bet)
Seat 2: PunchyDude collected (375)
Seat 3: bandziorno81 folded before Flop (didn't bet)
Seat 4: marcosmamori (button) folded before Flop (didn't bet)
Seat 6: antler88 (small blind) folded before Flop
Seat 7: x huesito x (big blind) folded before Flop
Seat 9: Chunclis folded before Flop (didn't bet)



PokerStars Game #72948727191: Tournament #491423247, $1.32+$0.18 USD Hold'em No Limit - Level V (75/150) - 2011/12/29 23:54:59 AEST [2011/12/29 7:54:59 ET]
Table '491423247 1' 9-max Seat #6 is the button
Seat 1: Kanjano (2831 in chips) 
Seat 2: PunchyDude (2565 in chips) 
Seat 3: bandziorno81 (1200 in chips) 
Seat 4: marcosmamori (2130 in chips) 
Seat 6: antler88 (2420 in chips) 
Seat 7: x huesito x (1200 in chips) 
Seat 9: Chunclis (1154 in chips) 
x huesito x: posts small blind 75
Chunclis: posts big blind 150
*** HOLE CARDS ***
Dealt to antler88 [7s Ac]
Kanjano: raises 300 to 450
PunchyDude: folds 
bandziorno81: folds 
marcosmamori: folds 
antler88: folds 
x huesito x: folds 
Chunclis: folds 
Uncalled bet (300) returned to Kanjano
Kanjano collected 375 from pot
*** SUMMARY ***
Total pot 375 | Rake 0 
Seat 1: Kanjano collected (375)
Seat 2: PunchyDude folded before Flop (didn't bet)
Seat 3: bandziorno81 folded before Flop (didn't bet)
Seat 4: marcosmamori folded before Flop (didn't bet)
Seat 6: antler88 (button) folded before Flop (didn't bet)
Seat 7: x huesito x (small blind) folded before Flop
Seat 9: Chunclis (big blind) folded before Flop



PokerStars Game #72948747689: Tournament #491423247, $1.32+$0.18 USD Hold'em No Limit - Level V (75/150) - 2011/12/29 23:55:37 AEST [2011/12/29 7:55:37 ET]
Table '491423247 1' 9-max Seat #7 is the button
Seat 1: Kanjano (3056 in chips) 
Seat 2: PunchyDude (2565 in chips) 
Seat 3: bandziorno81 (1200 in chips) 
Seat 4: marcosmamori (2130 in chips) 
Seat 6: antler88 (2420 in chips) 
Seat 7: x huesito x (1125 in chips) 
Seat 9: Chunclis (1004 in chips) 
Chunclis: posts small blind 75
Kanjano: posts big blind 150
*** HOLE CARDS ***
Dealt to antler88 [3d Td]
PunchyDude: raises 225 to 375
bandziorno81: raises 825 to 1200 and is all-in
marcosmamori: folds 
antler88: folds 
x huesito x: folds 
Chunclis: folds 
Kanjano: folds 
PunchyDude: calls 825
*** FLOP *** [Tc 7d Ad]
*** TURN *** [Tc 7d Ad] [8h]
*** RIVER *** [Tc 7d Ad 8h] [Kd]
*** SHOW DOWN ***
PunchyDude: shows [Ac Kh] (two pair, Aces and Kings)
bandziorno81: shows [Ah As] (three of a kind, Aces)
bandziorno81 collected 2625 from pot
*** SUMMARY ***
Total pot 2625 | Rake 0 
Board [Tc 7d Ad 8h Kd]
Seat 1: Kanjano (big blind) folded before Flop
Seat 2: PunchyDude showed [Ac Kh] and lost with two pair, Aces and Kings
Seat 3: bandziorno81 showed [Ah As] and won (2625) with three of a kind, Aces
Seat 4: marcosmamori folded before Flop (didn't bet)
Seat 6: antler88 folded before Flop (didn't bet)
Seat 7: x huesito x (button) folded before Flop (didn't bet)
Seat 9: Chunclis (small blind) folded before Flop



PokerStars Game #72948761320: Tournament #491423247, $1.32+$0.18 USD Hold'em No Limit - Level V (75/150) - 2011/12/29 23:56:04 AEST [2011/12/29 7:56:04 ET]
Table '491423247 1' 9-max Seat #9 is the button
Seat 1: Kanjano (2906 in chips) 
Seat 2: PunchyDude (1365 in chips) 
Seat 3: bandziorno81 (2625 in chips) 
Seat 4: marcosmamori (2130 in chips) 
Seat 6: antler88 (2420 in chips) 
Seat 7: x huesito x (1125 in chips) 
Seat 9: Chunclis (929 in chips) 
Kanjano: posts small blind 75
PunchyDude: posts big blind 150
*** HOLE CARDS ***
Dealt to antler88 [Qd Kc]
PunchyDude said, "nh"
bandziorno81: folds 
marcosmamori: folds 
antler88: raises 450 to 600
x huesito x: folds 
Chunclis: raises 329 to 929 and is all-in
Kanjano: folds 
PunchyDude: folds 
antler88: calls 329
*** FLOP *** [Qs Qc 5h]
*** TURN *** [Qs Qc 5h] [Ks]
*** RIVER *** [Qs Qc 5h Ks] [4c]
*** SHOW DOWN ***
antler88: shows [Qd Kc] (a full house, Queens full of Kings)
Chunclis: shows [Kh Ah] (two pair, Kings and Queens)
antler88 collected 2083 from pot
Chunclis finished the tournament in 7th place
*** SUMMARY ***
Total pot 2083 | Rake 0 
Board [Qs Qc 5h Ks 4c]
Seat 1: Kanjano (small blind) folded before Flop
Seat 2: PunchyDude (big blind) folded before Flop
Seat 3: bandziorno81 folded before Flop (didn't bet)
Seat 4: marcosmamori folded before Flop (didn't bet)
Seat 6: antler88 showed [Qd Kc] and won (2083) with a full house, Queens full of Kings
Seat 7: x huesito x folded before Flop (didn't bet)
Seat 9: Chunclis (button) showed [Kh Ah] and lost with two pair, Kings and Queens



PokerStars Game #72948781024: Tournament #491423247, $1.32+$0.18 USD Hold'em No Limit - Level V (75/150) - 2011/12/29 23:56:43 AEST [2011/12/29 7:56:43 ET]
Table '491423247 1' 9-max Seat #1 is the button
Seat 1: Kanjano (2831 in chips) 
Seat 2: PunchyDude (1215 in chips) 
Seat 3: bandziorno81 (2625 in chips) 
Seat 4: marcosmamori (2130 in chips) 
Seat 6: antler88 (3574 in chips) 
Seat 7: x huesito x (1125 in chips) 
PunchyDude: posts small blind 75
bandziorno81: posts big blind 150
*** HOLE CARDS ***
Dealt to antler88 [8h Qd]
marcosmamori: raises 150 to 300
antler88: folds 
x huesito x: folds 
Kanjano: folds 
PunchyDude: folds 
bandziorno81: folds 
Uncalled bet (150) returned to marcosmamori
marcosmamori collected 375 from pot
*** SUMMARY ***
Total pot 375 | Rake 0 
Seat 1: Kanjano (button) folded before Flop (didn't bet)
Seat 2: PunchyDude (small blind) folded before Flop
Seat 3: bandziorno81 (big blind) folded before Flop
Seat 4: marcosmamori collected (375)
Seat 6: antler88 folded before Flop (didn't bet)
Seat 7: x huesito x folded before Flop (didn't bet)



PokerStars Game #72948793937: Tournament #491423247, $1.32+$0.18 USD Hold'em No Limit - Level V (75/150) - 2011/12/29 23:57:09 AEST [2011/12/29 7:57:09 ET]
Table '491423247 1' 9-max Seat #2 is the button
Seat 1: Kanjano (2831 in chips) 
Seat 2: PunchyDude (1140 in chips) 
Seat 3: bandziorno81 (2475 in chips) 
Seat 4: marcosmamori (2355 in chips) 
Seat 6: antler88 (3574 in chips) 
Seat 7: x huesito x (1125 in chips) 
bandziorno81: posts small blind 75
marcosmamori: posts big blind 150
*** HOLE CARDS ***
Dealt to antler88 [9s 2d]
antler88: folds 
x huesito x: raises 975 to 1125 and is all-in
Kanjano: raises 1706 to 2831 and is all-in
PunchyDude: folds 
bandziorno81: folds 
marcosmamori: folds 
Uncalled bet (1706) returned to Kanjano
*** FLOP *** [Jh Kh 4c]
*** TURN *** [Jh Kh 4c] [2c]
*** RIVER *** [Jh Kh 4c 2c] [4s]
*** SHOW DOWN ***
x huesito x: shows [8h 6h] (a pair of Fours)
Kanjano: shows [Kc As] (two pair, Kings and Fours)
Kanjano collected 2475 from pot
x huesito x finished the tournament in 6th place
*** SUMMARY ***
Total pot 2475 | Rake 0 
Board [Jh Kh 4c 2c 4s]
Seat 1: Kanjano showed [Kc As] and won (2475) with two pair, Kings and Fours
Seat 2: PunchyDude (button) folded before Flop (didn't bet)
Seat 3: bandziorno81 (small blind) folded before Flop
Seat 4: marcosmamori (big blind) folded before Flop
Seat 6: antler88 folded before Flop (didn't bet)
Seat 7: x huesito x showed [8h 6h] and lost with a pair of Fours



PokerStars Game #72948813760: Tournament #491423247, $1.32+$0.18 USD Hold'em No Limit - Level V (75/150) - 2011/12/29 23:57:48 AEST [2011/12/29 7:57:48 ET]
Table '491423247 1' 9-max Seat #3 is the button
Seat 1: Kanjano (4181 in chips) 
Seat 2: PunchyDude (1140 in chips) 
Seat 3: bandziorno81 (2400 in chips) 
Seat 4: marcosmamori (2205 in chips) 
Seat 6: antler88 (3574 in chips) 
marcosmamori: posts small blind 75
antler88: posts big blind 150
*** HOLE CARDS ***
Dealt to antler88 [Kc 2h]
Kanjano: folds 
PunchyDude: folds 
bandziorno81: folds 
marcosmamori: raises 150 to 300
antler88: folds 
Uncalled bet (150) returned to marcosmamori
marcosmamori collected 300 from pot
*** SUMMARY ***
Total pot 300 | Rake 0 
Seat 1: Kanjano folded before Flop (didn't bet)
Seat 2: PunchyDude folded before Flop (didn't bet)
Seat 3: bandziorno81 (button) folded before Flop (didn't bet)
Seat 4: marcosmamori (small blind) collected (300)
Seat 6: antler88 (big blind) folded before Flop



PokerStars Game #72948824241: Tournament #491423247, $1.32+$0.18 USD Hold'em No Limit - Level V (75/150) - 2011/12/29 23:58:08 AEST [2011/12/29 7:58:08 ET]
Table '491423247 1' 9-max Seat #4 is the button
Seat 1: Kanjano (4181 in chips) 
Seat 2: PunchyDude (1140 in chips) 
Seat 3: bandziorno81 (2400 in chips) 
Seat 4: marcosmamori (2355 in chips) 
Seat 6: antler88 (3424 in chips) 
antler88: posts small blind 75
Kanjano: posts big blind 150
*** HOLE CARDS ***
Dealt to antler88 [8c 6c]
PunchyDude: raises 990 to 1140 and is all-in
bandziorno81: folds 
marcosmamori: folds 
antler88: folds 
Kanjano: folds 
Uncalled bet (990) returned to PunchyDude
PunchyDude collected 375 from pot
PunchyDude: doesn't show hand 
*** SUMMARY ***
Total pot 375 | Rake 0 
Seat 1: Kanjano (big blind) folded before Flop
Seat 2: PunchyDude collected (375)
Seat 3: bandziorno81 folded before Flop (didn't bet)
Seat 4: marcosmamori (button) folded before Flop (didn't bet)
Seat 6: antler88 (small blind) folded before Flop



PokerStars Game #72948831762: Tournament #491423247, $1.32+$0.18 USD Hold'em No Limit - Level V (75/150) - 2011/12/29 23:58:23 AEST [2011/12/29 7:58:23 ET]
Table '491423247 1' 9-max Seat #6 is the button
Seat 1: Kanjano (4031 in chips) 
Seat 2: PunchyDude (1365 in chips) 
Seat 3: bandziorno81 (2400 in chips) 
Seat 4: marcosmamori (2355 in chips) 
Seat 6: antler88 (3349 in chips) 
Kanjano: posts small blind 75
PunchyDude: posts big blind 150
*** HOLE CARDS ***
Dealt to antler88 [Jd 2s]
bandziorno81: folds 
marcosmamori: folds 
antler88: folds 
Kanjano: folds 
Uncalled bet (75) returned to PunchyDude
PunchyDude collected 150 from pot
*** SUMMARY ***
Total pot 150 | Rake 0 
Seat 1: Kanjano (small blind) folded before Flop
Seat 2: PunchyDude (big blind) collected (150)
Seat 3: bandziorno81 folded before Flop (didn't bet)
Seat 4: marcosmamori folded before Flop (didn't bet)
Seat 6: antler88 (button) folded before Flop (didn't bet)



PokerStars Game #72948839353: Tournament #491423247, $1.32+$0.18 USD Hold'em No Limit - Level V (75/150) - 2011/12/29 23:58:38 AEST [2011/12/29 7:58:38 ET]
Table '491423247 1' 9-max Seat #1 is the button
Seat 1: Kanjano (3956 in chips) 
Seat 2: PunchyDude (1440 in chips) 
Seat 3: bandziorno81 (2400 in chips) 
Seat 4: marcosmamori (2355 in chips) 
Seat 6: antler88 (3349 in chips) 
PunchyDude: posts small blind 75
bandziorno81: posts big blind 150
*** HOLE CARDS ***
Dealt to antler88 [Js 6s]
marcosmamori: raises 150 to 300
antler88: folds 
Kanjano: folds 
PunchyDude: folds 
bandziorno81: folds 
Uncalled bet (150) returned to marcosmamori
marcosmamori collected 375 from pot
marcosmamori: doesn't show hand 
*** SUMMARY ***
Total pot 375 | Rake 0 
Seat 1: Kanjano (button) folded before Flop (didn't bet)
Seat 2: PunchyDude (small blind) folded before Flop
Seat 3: bandziorno81 (big blind) folded before Flop
Seat 4: marcosmamori collected (375)
Seat 6: antler88 folded before Flop (didn't bet)



PokerStars Game #72948847175: Tournament #491423247, $1.32+$0.18 USD Hold'em No Limit - Level VI (100/200) - 2011/12/29 23:58:53 AEST [2011/12/29 7:58:53 ET]
Table '491423247 1' 9-max Seat #2 is the button
Seat 1: Kanjano (3956 in chips) 
Seat 2: PunchyDude (1365 in chips) 
Seat 3: bandziorno81 (2250 in chips) 
Seat 4: marcosmamori (2580 in chips) 
Seat 6: antler88 (3349 in chips) 
bandziorno81: posts small blind 100
marcosmamori: posts big blind 200
*** HOLE CARDS ***
Dealt to antler88 [8c Tc]
antler88: folds 
Kanjano: folds 
PunchyDude: raises 1165 to 1365 and is all-in
bandziorno81: folds 
marcosmamori: folds 
Uncalled bet (1165) returned to PunchyDude
PunchyDude collected 500 from pot
PunchyDude: doesn't show hand 
*** SUMMARY ***
Total pot 500 | Rake 0 
Seat 1: Kanjano folded before Flop (didn't bet)
Seat 2: PunchyDude (button) collected (500)
Seat 3: bandziorno81 (small blind) folded before Flop
Seat 4: marcosmamori (big blind) folded before Flop
Seat 6: antler88 folded before Flop (didn't bet)



PokerStars Game #72948856688: Tournament #491423247, $1.32+$0.18 USD Hold'em No Limit - Level VI (100/200) - 2011/12/29 23:59:12 AEST [2011/12/29 7:59:12 ET]
Table '491423247 1' 9-max Seat #3 is the button
Seat 1: Kanjano (3956 in chips) 
Seat 2: PunchyDude (1665 in chips) 
Seat 3: bandziorno81 (2150 in chips) 
Seat 4: marcosmamori (2380 in chips) 
Seat 6: antler88 (3349 in chips) 
marcosmamori: posts small blind 100
antler88: posts big blind 200
*** HOLE CARDS ***
Dealt to antler88 [7c As]
Kanjano: folds 
PunchyDude: folds 
bandziorno81: folds 
marcosmamori: raises 400 to 600
antler88: raises 400 to 1000
marcosmamori: raises 1380 to 2380 and is all-in
antler88: calls 1380
*** FLOP *** [Qd 5c Td]
*** TURN *** [Qd 5c Td] [Js]
*** RIVER *** [Qd 5c Td Js] [8s]
*** SHOW DOWN ***
marcosmamori: shows [Jc Ac] (a pair of Jacks)
antler88: shows [7c As] (high card Ace)
marcosmamori collected 4760 from pot
*** SUMMARY ***
Total pot 4760 | Rake 0 
Board [Qd 5c Td Js 8s]
Seat 1: Kanjano folded before Flop (didn't bet)
Seat 2: PunchyDude folded before Flop (didn't bet)
Seat 3: bandziorno81 (button) folded before Flop (didn't bet)
Seat 4: marcosmamori (small blind) showed [Jc Ac] and won (4760) with a pair of Jacks
Seat 6: antler88 (big blind) showed [7c As] and lost with high card Ace



PokerStars Game #72948874182: Tournament #491423247, $1.32+$0.18 USD Hold'em No Limit - Level VI (100/200) - 2011/12/29 23:59:46 AEST [2011/12/29 7:59:46 ET]
Table '491423247 1' 9-max Seat #4 is the button
Seat 1: Kanjano (3956 in chips) 
Seat 2: PunchyDude (1665 in chips) 
Seat 3: bandziorno81 (2150 in chips) 
Seat 4: marcosmamori (4760 in chips) 
Seat 6: antler88 (969 in chips) 
antler88: posts small blind 100
Kanjano: posts big blind 200
*** HOLE CARDS ***
Dealt to antler88 [6d 8s]
PunchyDude: folds 
bandziorno81: folds 
marcosmamori: folds 
antler88: folds 
Uncalled bet (100) returned to Kanjano
Kanjano collected 200 from pot
*** SUMMARY ***
Total pot 200 | Rake 0 
Seat 1: Kanjano (big blind) collected (200)
Seat 2: PunchyDude folded before Flop (didn't bet)
Seat 3: bandziorno81 folded before Flop (didn't bet)
Seat 4: marcosmamori (button) folded before Flop (didn't bet)
Seat 6: antler88 (small blind) folded before Flop



PokerStars Game #72948879565: Tournament #491423247, $1.32+$0.18 USD Hold'em No Limit - Level VI (100/200) - 2011/12/29 23:59:57 AEST [2011/12/29 7:59:57 ET]
Table '491423247 1' 9-max Seat #6 is the button
Seat 1: Kanjano (4056 in chips) 
Seat 2: PunchyDude (1665 in chips) 
Seat 3: bandziorno81 (2150 in chips) 
Seat 4: marcosmamori (4760 in chips) 
Seat 6: antler88 (869 in chips) 
Kanjano: posts small blind 100
PunchyDude: posts big blind 200
*** HOLE CARDS ***
Dealt to antler88 [Th 6c]
bandziorno81: folds 
marcosmamori: folds 
antler88: folds 
Kanjano: folds 
Uncalled bet (100) returned to PunchyDude
PunchyDude collected 200 from pot
*** SUMMARY ***
Total pot 200 | Rake 0 
Seat 1: Kanjano (small blind) folded before Flop
Seat 2: PunchyDude (big blind) collected (200)
Seat 3: bandziorno81 folded before Flop (didn't bet)
Seat 4: marcosmamori folded before Flop (didn't bet)
Seat 6: antler88 (button) folded before Flop (didn't bet)



PokerStars Game #72948887884: Tournament #491423247, $1.32+$0.18 USD Hold'em No Limit - Level VI (100/200) - 2011/12/30 0:00:12 AEST [2011/12/29 8:00:12 ET]
Table '491423247 1' 9-max Seat #1 is the button
Seat 1: Kanjano (3956 in chips) 
Seat 2: PunchyDude (1765 in chips) 
Seat 3: bandziorno81 (2150 in chips) 
Seat 4: marcosmamori (4760 in chips) 
Seat 6: antler88 (869 in chips) 
PunchyDude: posts small blind 100
bandziorno81: posts big blind 200
*** HOLE CARDS ***
Dealt to antler88 [Td 6d]
marcosmamori: folds 
antler88: folds 
Kanjano: folds 
PunchyDude: folds 
Uncalled bet (100) returned to bandziorno81
bandziorno81 collected 200 from pot
*** SUMMARY ***
Total pot 200 | Rake 0 
Seat 1: Kanjano (button) folded before Flop (didn't bet)
Seat 2: PunchyDude (small blind) folded before Flop
Seat 3: bandziorno81 (big blind) collected (200)
Seat 4: marcosmamori folded before Flop (didn't bet)
Seat 6: antler88 folded before Flop (didn't bet)



PokerStars Game #72948892555: Tournament #491423247, $1.32+$0.18 USD Hold'em No Limit - Level VI (100/200) - 2011/12/30 0:00:21 AEST [2011/12/29 8:00:21 ET]
Table '491423247 1' 9-max Seat #2 is the button
Seat 1: Kanjano (3956 in chips) 
Seat 2: PunchyDude (1665 in chips) 
Seat 3: bandziorno81 (2250 in chips) 
Seat 4: marcosmamori (4760 in chips) 
Seat 6: antler88 (869 in chips) 
bandziorno81: posts small blind 100
marcosmamori: posts big blind 200
*** HOLE CARDS ***
Dealt to antler88 [3s 5d]
antler88: folds 
Kanjano: raises 500 to 700
PunchyDude: folds 
bandziorno81: folds 
marcosmamori: folds 
Uncalled bet (500) returned to Kanjano
Kanjano collected 500 from pot
*** SUMMARY ***
Total pot 500 | Rake 0 
Seat 1: Kanjano collected (500)
Seat 2: PunchyDude (button) folded before Flop (didn't bet)
Seat 3: bandziorno81 (small blind) folded before Flop
Seat 4: marcosmamori (big blind) folded before Flop
Seat 6: antler88 folded before Flop (didn't bet)



PokerStars Game #72948905191: Tournament #491423247, $1.32+$0.18 USD Hold'em No Limit - Level VI (100/200) - 2011/12/30 0:00:44 AEST [2011/12/29 8:00:44 ET]
Table '491423247 1' 9-max Seat #3 is the button
Seat 1: Kanjano (4256 in chips) 
Seat 2: PunchyDude (1665 in chips) 
Seat 3: bandziorno81 (2150 in chips) 
Seat 4: marcosmamori (4560 in chips) 
Seat 6: antler88 (869 in chips) 
marcosmamori: posts small blind 100
antler88: posts big blind 200
*** HOLE CARDS ***
Dealt to antler88 [7s Js]
Kanjano: folds 
PunchyDude: raises 1465 to 1665 and is all-in
bandziorno81: folds 
marcosmamori: folds 
antler88: folds 
Uncalled bet (1465) returned to PunchyDude
PunchyDude collected 500 from pot
PunchyDude: doesn't show hand 
*** SUMMARY ***
Total pot 500 | Rake 0 
Seat 1: Kanjano folded before Flop (didn't bet)
Seat 2: PunchyDude collected (500)
Seat 3: bandziorno81 (button) folded before Flop (didn't bet)
Seat 4: marcosmamori (small blind) folded before Flop
Seat 6: antler88 (big blind) folded before Flop



PokerStars Game #72948915370: Tournament #491423247, $1.32+$0.18 USD Hold'em No Limit - Level VI (100/200) - 2011/12/30 0:01:02 AEST [2011/12/29 8:01:02 ET]
Table '491423247 1' 9-max Seat #4 is the button
Seat 1: Kanjano (4256 in chips) 
Seat 2: PunchyDude (1965 in chips) 
Seat 3: bandziorno81 (2150 in chips) 
Seat 4: marcosmamori (4460 in chips) 
Seat 6: antler88 (669 in chips) 
antler88: posts small blind 100
Kanjano: posts big blind 200
*** HOLE CARDS ***
Dealt to antler88 [3h 2h]
PunchyDude: folds 
bandziorno81: raises 1950 to 2150 and is all-in
marcosmamori: folds 
antler88: folds 
Kanjano: folds 
Uncalled bet (1950) returned to bandziorno81
bandziorno81 collected 500 from pot
*** SUMMARY ***
Total pot 500 | Rake 0 
Seat 1: Kanjano (big blind) folded before Flop
Seat 2: PunchyDude folded before Flop (didn't bet)
Seat 3: bandziorno81 collected (500)
Seat 4: marcosmamori (button) folded before Flop (didn't bet)
Seat 6: antler88 (small blind) folded before Flop



PokerStars Game #72948925284: Tournament #491423247, $1.32+$0.18 USD Hold'em No Limit - Level VI (100/200) - 2011/12/30 0:01:19 AEST [2011/12/29 8:01:19 ET]
Table '491423247 1' 9-max Seat #6 is the button
Seat 1: Kanjano (4056 in chips) 
Seat 2: PunchyDude (1965 in chips) 
Seat 3: bandziorno81 (2450 in chips) 
Seat 4: marcosmamori (4460 in chips) 
Seat 6: antler88 (569 in chips) 
Kanjano: posts small blind 100
PunchyDude: posts big blind 200
*** HOLE CARDS ***
Dealt to antler88 [Ac Kc]
bandziorno81: folds 
marcosmamori: folds 
antler88: raises 369 to 569 and is all-in
Kanjano: calls 469
PunchyDude: calls 369
*** FLOP *** [2s Th 9s]
Kanjano: checks 
PunchyDude: bets 1396 and is all-in
Kanjano: calls 1396
*** TURN *** [2s Th 9s] [6h]
*** RIVER *** [2s Th 9s 6h] [3s]
*** SHOW DOWN ***
Kanjano: shows [Jc Qd] (high card Queen)
PunchyDude: shows [Kd Ad] (high card Ace)
PunchyDude collected 2792 from side pot
antler88: shows [Ac Kc] (high card Ace)
PunchyDude collected 854 from main pot
antler88 collected 853 from main pot
*** SUMMARY ***
Total pot 4499 Main pot 1707. Side pot 2792. | Rake 0 
Board [2s Th 9s 6h 3s]
Seat 1: Kanjano (small blind) showed [Jc Qd] and lost with high card Queen
Seat 2: PunchyDude (big blind) showed [Kd Ad] and won (3646) with high card Ace
Seat 3: bandziorno81 folded before Flop (didn't bet)
Seat 4: marcosmamori folded before Flop (didn't bet)
Seat 6: antler88 (button) showed [Ac Kc] and won (853) with high card Ace



PokerStars Game #72948953529: Tournament #491423247, $1.32+$0.18 USD Hold'em No Limit - Level VI (100/200) - 2011/12/30 0:02:04 AEST [2011/12/29 8:02:04 ET]
Table '491423247 1' 9-max Seat #1 is the button
Seat 1: Kanjano (2091 in chips) 
Seat 2: PunchyDude (3646 in chips) 
Seat 3: bandziorno81 (2450 in chips) 
Seat 4: marcosmamori (4460 in chips) 
Seat 6: antler88 (853 in chips) 
PunchyDude: posts small blind 100
bandziorno81: posts big blind 200
*** HOLE CARDS ***
Dealt to antler88 [2s Jd]
marcosmamori: folds 
antler88: folds 
Kanjano: folds 
PunchyDude: folds 
Uncalled bet (100) returned to bandziorno81
bandziorno81 collected 200 from pot
*** SUMMARY ***
Total pot 200 | Rake 0 
Seat 1: Kanjano (button) folded before Flop (didn't bet)
Seat 2: PunchyDude (small blind) folded before Flop
Seat 3: bandziorno81 (big blind) collected (200)
Seat 4: marcosmamori folded before Flop (didn't bet)
Seat 6: antler88 folded before Flop (didn't bet)



PokerStars Game #72948966714: Tournament #491423247, $1.32+$0.18 USD Hold'em No Limit - Level VI (100/200) - 2011/12/30 0:02:24 AEST [2011/12/29 8:02:24 ET]
Table '491423247 1' 9-max Seat #2 is the button
Seat 1: Kanjano (2091 in chips) 
Seat 2: PunchyDude (3546 in chips) 
Seat 3: bandziorno81 (2550 in chips) 
Seat 4: marcosmamori (4460 in chips) 
Seat 6: antler88 (853 in chips) 
bandziorno81: posts small blind 100
marcosmamori: posts big blind 200
*** HOLE CARDS ***
Dealt to antler88 [Ts 2c]
antler88: folds 
Kanjano: folds 
PunchyDude: folds 
bandziorno81: folds 
Uncalled bet (100) returned to marcosmamori
marcosmamori collected 200 from pot
*** SUMMARY ***
Total pot 200 | Rake 0 
Seat 1: Kanjano folded before Flop (didn't bet)
Seat 2: PunchyDude (button) folded before Flop (didn't bet)
Seat 3: bandziorno81 (small blind) folded before Flop
Seat 4: marcosmamori (big blind) collected (200)
Seat 6: antler88 folded before Flop (didn't bet)



PokerStars Game #72948973513: Tournament #491423247, $1.32+$0.18 USD Hold'em No Limit - Level VI (100/200) - 2011/12/30 0:02:35 AEST [2011/12/29 8:02:35 ET]
Table '491423247 1' 9-max Seat #3 is the button
Seat 1: Kanjano (2091 in chips) 
Seat 2: PunchyDude (3546 in chips) 
Seat 3: bandziorno81 (2450 in chips) 
Seat 4: marcosmamori (4560 in chips) 
Seat 6: antler88 (853 in chips) 
marcosmamori: posts small blind 100
antler88: posts big blind 200
*** HOLE CARDS ***
Dealt to antler88 [Qd 6h]
Kanjano: raises 1891 to 2091 and is all-in
PunchyDude: folds 
bandziorno81: folds 
marcosmamori: folds 
antler88: calls 653 and is all-in
Uncalled bet (1238) returned to Kanjano
*** FLOP *** [6c 6d Qc]
*** TURN *** [6c 6d Qc] [5d]
*** RIVER *** [6c 6d Qc 5d] [9s]
*** SHOW DOWN ***
antler88: shows [Qd 6h] (a full house, Sixes full of Queens)
Kanjano: shows [Td Js] (a pair of Sixes)
antler88 collected 1806 from pot
PunchyDude said, "very very nice"
*** SUMMARY ***
Total pot 1806 | Rake 0 
Board [6c 6d Qc 5d 9s]
Seat 1: Kanjano showed [Td Js] and lost with a pair of Sixes
Seat 2: PunchyDude folded before Flop (didn't bet)
Seat 3: bandziorno81 (button) folded before Flop (didn't bet)
Seat 4: marcosmamori (small blind) folded before Flop
Seat 6: antler88 (big blind) showed [Qd 6h] and won (1806) with a full house, Sixes full of Queens



PokerStars Game #72948992246: Tournament #491423247, $1.32+$0.18 USD Hold'em No Limit - Level VI (100/200) - 2011/12/30 0:03:03 AEST [2011/12/29 8:03:03 ET]
Table '491423247 1' 9-max Seat #4 is the button
Seat 1: Kanjano (1238 in chips) 
Seat 2: PunchyDude (3546 in chips) 
Seat 3: bandziorno81 (2450 in chips) 
Seat 4: marcosmamori (4460 in chips) 
Seat 6: antler88 (1806 in chips) 
antler88: posts small blind 100
Kanjano: posts big blind 200
*** HOLE CARDS ***
Dealt to antler88 [Jd Ts]
PunchyDude: folds 
bandziorno81: folds 
marcosmamori: folds 
antler88: raises 1606 to 1806 and is all-in
Kanjano: calls 1038 and is all-in
Uncalled bet (568) returned to antler88
*** FLOP *** [2h 5d 3c]
*** TURN *** [2h 5d 3c] [3h]
*** RIVER *** [2h 5d 3c 3h] [6d]
*** SHOW DOWN ***
antler88: shows [Jd Ts] (a pair of Threes)
Kanjano: shows [Ah Jc] (a pair of Threes - Ace kicker)
Kanjano collected 2476 from pot
*** SUMMARY ***
Total pot 2476 | Rake 0 
Board [2h 5d 3c 3h 6d]
Seat 1: Kanjano (big blind) showed [Ah Jc] and won (2476) with a pair of Threes
Seat 2: PunchyDude folded before Flop (didn't bet)
Seat 3: bandziorno81 folded before Flop (didn't bet)
Seat 4: marcosmamori (button) folded before Flop (didn't bet)
Seat 6: antler88 (small blind) showed [Jd Ts] and lost with a pair of Threes



PokerStars Game #72949012778: Tournament #491423247, $1.32+$0.18 USD Hold'em No Limit - Level VI (100/200) - 2011/12/30 0:03:33 AEST [2011/12/29 8:03:33 ET]
Table '491423247 1' 9-max Seat #6 is the button
Seat 1: Kanjano (2476 in chips) 
Seat 2: PunchyDude (3546 in chips) 
Seat 3: bandziorno81 (2450 in chips) 
Seat 4: marcosmamori (4460 in chips) 
Seat 6: antler88 (568 in chips) 
Kanjano: posts small blind 100
PunchyDude: posts big blind 200
*** HOLE CARDS ***
Dealt to antler88 [6c 7s]
bandziorno81: folds 
marcosmamori: raises 400 to 600
antler88: folds 
Kanjano: folds 
PunchyDude: raises 2946 to 3546 and is all-in
marcosmamori: calls 2946
*** FLOP *** [7h Ts 4c]
*** TURN *** [7h Ts 4c] [3h]
*** RIVER *** [7h Ts 4c 3h] [2s]
*** SHOW DOWN ***
PunchyDude: shows [Qd Kh] (high card King)
marcosmamori: shows [Ah Kc] (high card Ace)
marcosmamori collected 7192 from pot
PunchyDude finished the tournament in 5th place
*** SUMMARY ***
Total pot 7192 | Rake 0 
Board [7h Ts 4c 3h 2s]
Seat 1: Kanjano (small blind) folded before Flop
Seat 2: PunchyDude (big blind) showed [Qd Kh] and lost with high card King
Seat 3: bandziorno81 folded before Flop (didn't bet)
Seat 4: marcosmamori showed [Ah Kc] and won (7192) with high card Ace
Seat 6: antler88 (button) folded before Flop (didn't bet)



PokerStars Game #72949037418: Tournament #491423247, $1.32+$0.18 USD Hold'em No Limit - Level VII (100/200) - 2011/12/30 0:04:09 AEST [2011/12/29 8:04:09 ET]
Table '491423247 1' 9-max Seat #1 is the button
Seat 1: Kanjano (2376 in chips) 
Seat 3: bandziorno81 (2450 in chips) 
Seat 4: marcosmamori (8106 in chips) 
Seat 6: antler88 (568 in chips) 
Kanjano: posts the ante 25
bandziorno81: posts the ante 25
marcosmamori: posts the ante 25
antler88: posts the ante 25
bandziorno81: posts small blind 100
marcosmamori: posts big blind 200
*** HOLE CARDS ***
Dealt to antler88 [As 5d]
antler88: raises 343 to 543 and is all-in
Kanjano: folds 
bandziorno81: folds 
marcosmamori: folds 
Uncalled bet (343) returned to antler88
antler88 collected 600 from pot
antler88: doesn't show hand 
*** SUMMARY ***
Total pot 600 | Rake 0 
Seat 1: Kanjano (button) folded before Flop (didn't bet)
Seat 3: bandziorno81 (small blind) folded before Flop
Seat 4: marcosmamori (big blind) folded before Flop
Seat 6: antler88 collected (600)



PokerStars Game #72949052486: Tournament #491423247, $1.32+$0.18 USD Hold'em No Limit - Level VII (100/200) - 2011/12/30 0:04:31 AEST [2011/12/29 8:04:31 ET]
Table '491423247 1' 9-max Seat #3 is the button
Seat 1: Kanjano (2351 in chips) 
Seat 3: bandziorno81 (2325 in chips) 
Seat 4: marcosmamori (7881 in chips) 
Seat 6: antler88 (943 in chips) 
Kanjano: posts the ante 25
bandziorno81: posts the ante 25
marcosmamori: posts the ante 25
antler88: posts the ante 25
marcosmamori: posts small blind 100
antler88: posts big blind 200
*** HOLE CARDS ***
Dealt to antler88 [9h Th]
Kanjano: folds 
bandziorno81: raises 2100 to 2300 and is all-in
marcosmamori: folds 
antler88: folds 
Uncalled bet (2100) returned to bandziorno81
bandziorno81 collected 600 from pot
*** SUMMARY ***
Total pot 600 | Rake 0 
Seat 1: Kanjano folded before Flop (didn't bet)
Seat 3: bandziorno81 (button) collected (600)
Seat 4: marcosmamori (small blind) folded before Flop
Seat 6: antler88 (big blind) folded before Flop



PokerStars Game #72949062101: Tournament #491423247, $1.32+$0.18 USD Hold'em No Limit - Level VII (100/200) - 2011/12/30 0:04:45 AEST [2011/12/29 8:04:45 ET]
Table '491423247 1' 9-max Seat #4 is the button
Seat 1: Kanjano (2326 in chips) 
Seat 3: bandziorno81 (2700 in chips) 
Seat 4: marcosmamori (7756 in chips) 
Seat 6: antler88 (718 in chips) 
Kanjano: posts the ante 25
bandziorno81: posts the ante 25
marcosmamori: posts the ante 25
antler88: posts the ante 25
antler88: posts small blind 100
Kanjano: posts big blind 200
*** HOLE CARDS ***
Dealt to antler88 [Ah 8h]
bandziorno81: folds 
marcosmamori: folds 
antler88: raises 493 to 693 and is all-in
Kanjano: calls 493
*** FLOP *** [Ts 2c 6s]
*** TURN *** [Ts 2c 6s] [Td]
*** RIVER *** [Ts 2c 6s Td] [8c]
*** SHOW DOWN ***
antler88: shows [Ah 8h] (two pair, Tens and Eights)
Kanjano: shows [7c Ks] (a pair of Tens)
antler88 collected 1486 from pot
*** SUMMARY ***
Total pot 1486 | Rake 0 
Board [Ts 2c 6s Td 8c]
Seat 1: Kanjano (big blind) showed [7c Ks] and lost with a pair of Tens
Seat 3: bandziorno81 folded before Flop (didn't bet)
Seat 4: marcosmamori (button) folded before Flop (didn't bet)
Seat 6: antler88 (small blind) showed [Ah 8h] and won (1486) with two pair, Tens and Eights



PokerStars Game #72949083963: Tournament #491423247, $1.32+$0.18 USD Hold'em No Limit - Level VII (100/200) - 2011/12/30 0:05:16 AEST [2011/12/29 8:05:16 ET]
Table '491423247 1' 9-max Seat #6 is the button
Seat 1: Kanjano (1608 in chips) 
Seat 3: bandziorno81 (2675 in chips) 
Seat 4: marcosmamori (7731 in chips) 
Seat 6: antler88 (1486 in chips) 
Kanjano: posts the ante 25
bandziorno81: posts the ante 25
marcosmamori: posts the ante 25
antler88: posts the ante 25
Kanjano: posts small blind 100
bandziorno81: posts big blind 200
*** HOLE CARDS ***
Dealt to antler88 [4d Tc]
marcosmamori: folds 
antler88: folds 
Kanjano: raises 1383 to 1583 and is all-in
bandziorno81: folds 
Uncalled bet (1383) returned to Kanjano
Kanjano collected 500 from pot
*** SUMMARY ***
Total pot 500 | Rake 0 
Seat 1: Kanjano (small blind) collected (500)
Seat 3: bandziorno81 (big blind) folded before Flop
Seat 4: marcosmamori folded before Flop (didn't bet)
Seat 6: antler88 (button) folded before Flop (didn't bet)



PokerStars Game #72949097408: Tournament #491423247, $1.32+$0.18 USD Hold'em No Limit - Level VII (100/200) - 2011/12/30 0:05:36 AEST [2011/12/29 8:05:36 ET]
Table '491423247 1' 9-max Seat #1 is the button
Seat 1: Kanjano (1883 in chips) 
Seat 3: bandziorno81 (2450 in chips) 
Seat 4: marcosmamori (7706 in chips) 
Seat 6: antler88 (1461 in chips) 
Kanjano: posts the ante 25
bandziorno81: posts the ante 25
marcosmamori: posts the ante 25
antler88: posts the ante 25
bandziorno81: posts small blind 100
marcosmamori: posts big blind 200
*** HOLE CARDS ***
Dealt to antler88 [5s 2h]
antler88: folds 
Kanjano: folds 
bandziorno81: folds 
Uncalled bet (100) returned to marcosmamori
marcosmamori collected 300 from pot
marcosmamori: doesn't show hand 
*** SUMMARY ***
Total pot 300 | Rake 0 
Seat 1: Kanjano (button) folded before Flop (didn't bet)
Seat 3: bandziorno81 (small blind) folded before Flop
Seat 4: marcosmamori (big blind) collected (300)
Seat 6: antler88 folded before Flop (didn't bet)



PokerStars Game #72949106772: Tournament #491423247, $1.32+$0.18 USD Hold'em No Limit - Level VII (100/200) - 2011/12/30 0:05:50 AEST [2011/12/29 8:05:50 ET]
Table '491423247 1' 9-max Seat #3 is the button
Seat 1: Kanjano (1858 in chips) 
Seat 3: bandziorno81 (2325 in chips) 
Seat 4: marcosmamori (7881 in chips) 
Seat 6: antler88 (1436 in chips) 
Kanjano: posts the ante 25
bandziorno81: posts the ante 25
marcosmamori: posts the ante 25
antler88: posts the ante 25
marcosmamori: posts small blind 100
antler88: posts big blind 200
*** HOLE CARDS ***
Dealt to antler88 [Tc 4c]
Kanjano: folds 
bandziorno81: folds 
marcosmamori: raises 7656 to 7856 and is all-in
antler88: folds 
Uncalled bet (7656) returned to marcosmamori
marcosmamori collected 500 from pot
marcosmamori: doesn't show hand 
*** SUMMARY ***
Total pot 500 | Rake 0 
Seat 1: Kanjano folded before Flop (didn't bet)
Seat 3: bandziorno81 (button) folded before Flop (didn't bet)
Seat 4: marcosmamori (small blind) collected (500)
Seat 6: antler88 (big blind) folded before Flop



PokerStars Game #72949116162: Tournament #491423247, $1.32+$0.18 USD Hold'em No Limit - Level VII (100/200) - 2011/12/30 0:06:03 AEST [2011/12/29 8:06:03 ET]
Table '491423247 1' 9-max Seat #4 is the button
Seat 1: Kanjano (1833 in chips) 
Seat 3: bandziorno81 (2300 in chips) 
Seat 4: marcosmamori (8156 in chips) 
Seat 6: antler88 (1211 in chips) 
Kanjano: posts the ante 25
bandziorno81: posts the ante 25
marcosmamori: posts the ante 25
antler88: posts the ante 25
antler88: posts small blind 100
Kanjano: posts big blind 200
*** HOLE CARDS ***
Dealt to antler88 [7h 8c]
bandziorno81: folds 
marcosmamori: raises 400 to 600
antler88: folds 
Kanjano: folds 
Uncalled bet (400) returned to marcosmamori
marcosmamori collected 600 from pot
*** SUMMARY ***
Total pot 600 | Rake 0 
Seat 1: Kanjano (big blind) folded before Flop
Seat 3: bandziorno81 folded before Flop (didn't bet)
Seat 4: marcosmamori (button) collected (600)
Seat 6: antler88 (small blind) folded before Flop



PokerStars Game #72949124292: Tournament #491423247, $1.32+$0.18 USD Hold'em No Limit - Level VII (100/200) - 2011/12/30 0:06:15 AEST [2011/12/29 8:06:15 ET]
Table '491423247 1' 9-max Seat #6 is the button
Seat 1: Kanjano (1608 in chips) 
Seat 3: bandziorno81 (2275 in chips) 
Seat 4: marcosmamori (8531 in chips) 
Seat 6: antler88 (1086 in chips) 
Kanjano: posts the ante 25
bandziorno81: posts the ante 25
marcosmamori: posts the ante 25
antler88: posts the ante 25
Kanjano: posts small blind 100
bandziorno81: posts big blind 200
*** HOLE CARDS ***
Dealt to antler88 [8c 8s]
marcosmamori: folds 
antler88: raises 861 to 1061 and is all-in
Kanjano: folds 
bandziorno81: folds 
Uncalled bet (861) returned to antler88
antler88 collected 600 from pot
antler88: doesn't show hand 
*** SUMMARY ***
Total pot 600 | Rake 0 
Seat 1: Kanjano (small blind) folded before Flop
Seat 3: bandziorno81 (big blind) folded before Flop
Seat 4: marcosmamori folded before Flop (didn't bet)
Seat 6: antler88 (button) collected (600)



PokerStars Game #72949142955: Tournament #491423247, $1.32+$0.18 USD Hold'em No Limit - Level VII (100/200) - 2011/12/30 0:06:43 AEST [2011/12/29 8:06:43 ET]
Table '491423247 1' 9-max Seat #1 is the button
Seat 1: Kanjano (1483 in chips) 
Seat 3: bandziorno81 (2050 in chips) 
Seat 4: marcosmamori (8506 in chips) 
Seat 6: antler88 (1461 in chips) 
Kanjano: posts the ante 25
bandziorno81: posts the ante 25
marcosmamori: posts the ante 25
antler88: posts the ante 25
bandziorno81: posts small blind 100
marcosmamori: posts big blind 200
*** HOLE CARDS ***
Dealt to antler88 [9c 2h]
antler88: folds 
Kanjano: raises 1258 to 1458 and is all-in
bandziorno81: raises 567 to 2025 and is all-in
marcosmamori: folds 
Uncalled bet (567) returned to bandziorno81
*** FLOP *** [7d Jd 4d]
*** TURN *** [7d Jd 4d] [4h]
*** RIVER *** [7d Jd 4d 4h] [Ah]
*** SHOW DOWN ***
bandziorno81: shows [Ts Ac] (two pair, Aces and Fours)
Kanjano: shows [Ks 8s] (a pair of Fours)
bandziorno81 collected 3216 from pot
Kanjano finished the tournament in 4th place
*** SUMMARY ***
Total pot 3216 | Rake 0 
Board [7d Jd 4d 4h Ah]
Seat 1: Kanjano (button) showed [Ks 8s] and lost with a pair of Fours
Seat 3: bandziorno81 (small blind) showed [Ts Ac] and won (3216) with two pair, Aces and Fours
Seat 4: marcosmamori (big blind) folded before Flop
Seat 6: antler88 folded before Flop (didn't bet)



PokerStars Game #72949164283: Tournament #491423247, $1.32+$0.18 USD Hold'em No Limit - Level VII (100/200) - 2011/12/30 0:07:15 AEST [2011/12/29 8:07:15 ET]
Table '491423247 1' 9-max Seat #3 is the button
Seat 3: bandziorno81 (3783 in chips) 
Seat 4: marcosmamori (8281 in chips) 
Seat 6: antler88 (1436 in chips) 
bandziorno81: posts the ante 25
marcosmamori: posts the ante 25
antler88: posts the ante 25
marcosmamori: posts small blind 100
antler88: posts big blind 200
*** HOLE CARDS ***
Dealt to antler88 [7s 6d]
bandziorno81: folds 
marcosmamori: raises 200 to 400
antler88: folds 
Uncalled bet (200) returned to marcosmamori
marcosmamori collected 475 from pot
*** SUMMARY ***
Total pot 475 | Rake 0 
Seat 3: bandziorno81 (button) folded before Flop (didn't bet)
Seat 4: marcosmamori (small blind) collected (475)
Seat 6: antler88 (big blind) folded before Flop



PokerStars Game #72949173485: Tournament #491423247, $1.32+$0.18 USD Hold'em No Limit - Level VII (100/200) - 2011/12/30 0:07:28 AEST [2011/12/29 8:07:28 ET]
Table '491423247 1' 9-max Seat #4 is the button
Seat 3: bandziorno81 (3758 in chips) 
Seat 4: marcosmamori (8531 in chips) 
Seat 6: antler88 (1211 in chips) 
bandziorno81: posts the ante 25
marcosmamori: posts the ante 25
antler88: posts the ante 25
antler88: posts small blind 100
bandziorno81: posts big blind 200
*** HOLE CARDS ***
Dealt to antler88 [8d Td]
marcosmamori: folds 
antler88: raises 986 to 1186 and is all-in
bandziorno81: folds 
Uncalled bet (986) returned to antler88
antler88 collected 475 from pot
antler88: doesn't show hand 
*** SUMMARY ***
Total pot 475 | Rake 0 
Seat 3: bandziorno81 (big blind) folded before Flop
Seat 4: marcosmamori (button) folded before Flop (didn't bet)
Seat 6: antler88 (small blind) collected (475)



PokerStars Game #72949183038: Tournament #491423247, $1.32+$0.18 USD Hold'em No Limit - Level VII (100/200) - 2011/12/30 0:07:43 AEST [2011/12/29 8:07:43 ET]
Table '491423247 1' 9-max Seat #6 is the button
Seat 3: bandziorno81 (3533 in chips) 
Seat 4: marcosmamori (8506 in chips) 
Seat 6: antler88 (1461 in chips) 
bandziorno81: posts the ante 25
marcosmamori: posts the ante 25
antler88: posts the ante 25
bandziorno81: posts small blind 100
marcosmamori: posts big blind 200
*** HOLE CARDS ***
Dealt to antler88 [9d Th]
antler88: folds 
bandziorno81: folds 
Uncalled bet (100) returned to marcosmamori
marcosmamori collected 275 from pot
marcosmamori: doesn't show hand 
*** SUMMARY ***
Total pot 275 | Rake 0 
Seat 3: bandziorno81 (small blind) folded before Flop
Seat 4: marcosmamori (big blind) collected (275)
Seat 6: antler88 (button) folded before Flop (didn't bet)



PokerStars Game #72949190169: Tournament #491423247, $1.32+$0.18 USD Hold'em No Limit - Level VII (100/200) - 2011/12/30 0:07:53 AEST [2011/12/29 8:07:53 ET]
Table '491423247 1' 9-max Seat #3 is the button
Seat 3: bandziorno81 (3408 in chips) 
Seat 4: marcosmamori (8656 in chips) 
Seat 6: antler88 (1436 in chips) 
bandziorno81: posts the ante 25
marcosmamori: posts the ante 25
antler88: posts the ante 25
marcosmamori: posts small blind 100
antler88: posts big blind 200
*** HOLE CARDS ***
Dealt to antler88 [Ah 9s]
bandziorno81: folds 
marcosmamori: raises 200 to 400
antler88: folds 
Uncalled bet (200) returned to marcosmamori
marcosmamori collected 475 from pot
*** SUMMARY ***
Total pot 475 | Rake 0 
Seat 3: bandziorno81 (button) folded before Flop (didn't bet)
Seat 4: marcosmamori (small blind) collected (475)
Seat 6: antler88 (big blind) folded before Flop



PokerStars Game #72949206256: Tournament #491423247, $1.32+$0.18 USD Hold'em No Limit - Level VII (100/200) - 2011/12/30 0:08:18 AEST [2011/12/29 8:08:18 ET]
Table '491423247 1' 9-max Seat #4 is the button
Seat 3: bandziorno81 (3383 in chips) 
Seat 4: marcosmamori (8906 in chips) 
Seat 6: antler88 (1211 in chips) 
bandziorno81: posts the ante 25
marcosmamori: posts the ante 25
antler88: posts the ante 25
antler88: posts small blind 100
bandziorno81: posts big blind 200
*** HOLE CARDS ***
Dealt to antler88 [4h 6c]
marcosmamori: folds 
antler88: folds 
Uncalled bet (100) returned to bandziorno81
bandziorno81 collected 275 from pot
*** SUMMARY ***
Total pot 275 | Rake 0 
Seat 3: bandziorno81 (big blind) collected (275)
Seat 4: marcosmamori (button) folded before Flop (didn't bet)
Seat 6: antler88 (small blind) folded before Flop



PokerStars Game #72949213664: Tournament #491423247, $1.32+$0.18 USD Hold'em No Limit - Level VII (100/200) - 2011/12/30 0:08:29 AEST [2011/12/29 8:08:29 ET]
Table '491423247 1' 9-max Seat #6 is the button
Seat 3: bandziorno81 (3533 in chips) 
Seat 4: marcosmamori (8881 in chips) 
Seat 6: antler88 (1086 in chips) 
bandziorno81: posts the ante 25
marcosmamori: posts the ante 25
antler88: posts the ante 25
bandziorno81: posts small blind 100
marcosmamori: posts big blind 200
*** HOLE CARDS ***
Dealt to antler88 [9h Ac]
antler88: raises 861 to 1061 and is all-in
bandziorno81: folds 
marcosmamori: folds 
Uncalled bet (861) returned to antler88
antler88 collected 575 from pot
antler88: doesn't show hand 
*** SUMMARY ***
Total pot 575 | Rake 0 
Seat 3: bandziorno81 (small blind) folded before Flop
Seat 4: marcosmamori (big blind) folded before Flop
Seat 6: antler88 (button) collected (575)



PokerStars Game #72949224354: Tournament #491423247, $1.32+$0.18 USD Hold'em No Limit - Level VIII (150/300) - 2011/12/30 0:08:45 AEST [2011/12/29 8:08:45 ET]
Table '491423247 1' 9-max Seat #3 is the button
Seat 3: bandziorno81 (3408 in chips) 
Seat 4: marcosmamori (8656 in chips) 
Seat 6: antler88 (1436 in chips) 
bandziorno81: posts the ante 25
marcosmamori: posts the ante 25
antler88: posts the ante 25
marcosmamori: posts small blind 150
antler88: posts big blind 300
*** HOLE CARDS ***
Dealt to antler88 [8s Ah]
bandziorno81: folds 
marcosmamori: raises 600 to 900
antler88: raises 511 to 1411 and is all-in
marcosmamori: calls 511
*** FLOP *** [4d 6h 6d]
*** TURN *** [4d 6h 6d] [3h]
*** RIVER *** [4d 6h 6d 3h] [5c]
*** SHOW DOWN ***
marcosmamori: shows [Ac 9d] (a pair of Sixes)
antler88: shows [8s Ah] (a pair of Sixes - lower kicker)
marcosmamori collected 2897 from pot
antler88 finished the tournament in 3rd place and received $2.37.
*** SUMMARY ***
Total pot 2897 | Rake 0 
Board [4d 6h 6d 3h 5c]
Seat 3: bandziorno81 (button) folded before Flop (didn't bet)
Seat 4: marcosmamori (small blind) showed [Ac 9d] and won (2897) with a pair of Sixes
Seat 6: antler88 (big blind) showed [8s Ah] and lost with a pair of Sixes



